3128 5078
349 552 379 603 18
582 552 630 603 nb
647 550 936 604 PRAEPECTURA
959 552 1126 605 URBANA

344 689 475 762 siodori
492 687 518 778 ¹,
538 688 627 786 Lydi
646 685 673 777 ²,
699 688 877 763 Ammiani
894 685 921 778 ³,
941 687 1127 761 Prudentii
1139 686 1166 778 ⁴,
1187 686 1361 760 aliorum-

343 838 411 910 que
436 815 521 887 locis
540 814 745 911 planissime
768 815 963 888 erudimur.
988 813 1084 887 Alibi
1102 837 1240 910 quoque
1266 813 1359 909 apud

341 939 585 1014 Cassiodorum
603 939 647 1012 de
665 940 811 1013 urbanae
832 936 1064 1012 Praefecturae
1088 937 1210 1011 infulis
1227 938 1357 1011 mentio

340 1063 512 1138 occurrit⁵
533 1091 540 1137 :
564 1087 644 1161 quae
657 1062 778 1136 infulae
794 1046 907 1137 sacrae
917 1088 987 1136 non
997 1062 1111 1138 solum
1125 1063 1170 1136 ad
1179 1062 1357 1159 pontifices

340 1199 375 1263 et
415 1190 613 1263 sacerdotes
651 1190 868 1286 spectabant,
907 1189 969 1264 sed
1013 1189 1133 1279 etiarn,
1174 1189 1356 1283 religionis

337 1338 457 1405 causa,
474 1317 519 1388 ad
536 1316 764 1412 magistratus
784 1317 843 1412 qui
862 1315 1094 1388 sacerdotium
1111 1315 1299 1411 quoddam,
1318 1322 1356 1387 ut

337 1442 387 1514 ita
401 1441 528 1535 dicam,
550 1465 717 1515 exercere
734 1441 956 1514 videbantur.

385 1567 551 1642 Gladium
575 1575 669 1640 certe
695 1566 858 1661 gestabat
892 1562 1089 1639 Praefectus
1107 1564 1196 1638 Urbi
1214 1567 1273 1661 qui
1292 1565 1353 1661 jus

335 1693 458 1788 gladii,
483 1704 523 1764 ut
549 1692 631 1764 olim
649 1693 786 1764 Praetor
817 1690 987 1782 urbanus,
1022 1688 1221 1782 hahebat⁶3
1252 1690 1353 1763 illum

334 1827 452 1890 autem
476 1815 619 1911 cingulo
641 1815 700 1889 vel
725 1816 925 1912 paratonio,
948 1826 1116 1913 tanquam
1140 1814 1351 1889 Praefectum

334 1942 518 2032 Praetorio,
540 1940 634 2035 cingi
652 1939 749 2013 haud
761 1941 924 2037 equidem
940 1942 1149 2016 crediderim
1163 1943 1231 2014 nisi
1244 1965 1351 2038 quum

333 2089 492 2162 praesens
502 2066 540 2137 iu
554 2065 721 2138 comitatu
738 2066 832 2139 inter
846 2067 990 2140 comites
1004 2068 1274 2142 consistorianos
1292 2068 1350 2141 uel

332 2213 496 2285 proceres
515 2189 607 2262 sacri
626 2189 746 2285 palatii
760 2199 863 2263 extra
883 2190 1039 2264 ordinem
1059 2191 1201 2266 sederet
1214 2191 1228 2232 ⁷
1241 2198 1349 2283 ,nam

331 2313 510 2409 cingulum
540 2314 683 2408 insigne
716 2324 792 2387 erat
824 2315 1000 2407 militare;
1020 2315 1239 2390 Praefectura
1263 2341 1349 2391 uero

296 2573 298 2576 “
362 2564 371 2599 ¹
388 2564 470 2627 Cass,
489 2568 565 2629 Var„
585 2567 605 2625 l.
623 2568 654 2619 42
679 2576 705 2620 et
717 2586 788 2636 seqq.
804 2590 818 2618 c
877 2571 914 2620 Te
935 2572 968 2621 ad
987 2572 1146 2637 praefecturae
1175 2585 1198 2619 υτ
1206 2570 1278 2619 barrae
1294 2568 1346 2618 cul-

246 2672 248 2677 κ
329 2660 388 2694 men
413 2647 543 2713 erigimus,
556 2650 696 2702 tribuentes
711 2652 758 2702 tibi
781 2653 807 2705 iu
828 2668 858 2702 ea
879 2653 981 2704 civitate
1002 2653 1093 2713 fasces,
1104 2653 1147 2703 ubi
1161 2651 1275 2717 perpetui
1289 2655 1348 2699 sunt

329 2724 448 2778 honores.
460 2748 473 2775 s

359 2805 372 2842 ²
389 2808 462 2871 Lyd,
475 2824 519 2873 op.
530 2812 588 2872 cit„
603 2812 621 2863 l.
635 2813 655 2872 1,
670 2829 695 2879 p.
712 2814 766 2864 146.
782 2815 830 2866 Ὧν
852 2819 866 2866 d
889 2822 986 2883 πρῶτος
1004 2822 1047 2877 τῆς
1058 2817 1152 2872 πόλεως
1164 2816 1239 2880 φύλαξ
1253 2831 1347 2880 προση-

327 2889 442 2954 γορεύθη,
454 2893 468 2940 d
479 2894 597 2957 καθ’ἡμᾶς
607 2896 747 2962 πολίαρχος·
762 2897 871 2961 ἐπίσημα
887 2898 914 2947 δὲ
924 2903 967 2958 τῆς
984 2898 1104 2959 ἐξουσίας,
1113 2897 1143 2958 ἦν
1159 2897 1228 2961 αὐτῷ
1245 2895 1346 2946 δυοκαί-

328 2968 417 3020 δεκα...
431 2971 562 3036 ῥαὸδοῦχοι
574 2975 616 3023 καὶ
625 2976 735 3038 δεσμά...

358 3045 371 3081 ³
387 3045 484 3106 Amm„
495 3047 512 3098 1.
529 3048 587 3109 XV,
602 3065 624 3099 c.
639 3065 685 3100 uu.
704 3052 782 3102 «Sed
803 3051 1042 3117 impraescius)...
1058 3053 1179 3104 immissis
1194 3052 1346 3118 adparitori·

327 3126 384 3176 bus.
401 3146 415 3173 »

357 3207 370 3243 ⁴
386 3207 464 3258 Prud.
477 3212 541 3261 ado.
557 3212 674 3275 symm..
689 3210 707 3262 l.
721 3213 744 3275 1,
757 3228 781 3262 v.
792 3213 838 3265 563
859 3219 885 3265 et
899 3230 969 3280 seqq.

487 3327 545 3369 Jure
558 3327 685 3383 potestatis
701 3326 774 3372 fultos
789 3332 814 3373 et
828 3329 853 3372 in
863 3340 921 3373 arce
935 3330 1037 3374 Senatus

487 3398 621 3455 Praecipuus
635 3399 799 3457 (Gracchos)...

486 3471 589 3527 Cumque
603 3472 652 3516 suis
664 3473 752 3528 pariter
760 3473 908 3520 lictoribus...

356 3612 466 3674 ⁵Gass.,
484 3614 561 3672 Vtut,
586 3616 628 3674 111,
653 3615 678 3666 2.
703 3618 930 3670 «...Praesecturae
952 3623 1058 3671 urbanae
1081 3619 1173 3670 insulas
1196 3621 1243 3671 tibi
1261 3618 1341 3682 largi·

326 3705 414 3749 mur...
429 3711 445 3738 s
571 3713 574 3719 ¹

357 3772 369 3808 ⁶
385 3774 446 3822 Rut.
461 3772 793 3839 Numat.,1tinerarium,
809 3795 833 3828 v.
850 3780 971 3841 158‚159.

485 3873 544 3916 Num
558 3872 619 3928 quod
630 3873 698 3917 nulla
707 3888 785 3919 meum
799 3877 952 3921 strinxerunt
963 3876 1061 3922 crimine
1073 3876 1160 3922 ferrum

553 3946 606 4001 Non
618 3946 649 3990 sit
663 3949 774 3992 Praefecti
790 3949 875 4006 gloria,
888 3950 930 3994 sed
944 3950 1033 4007 populi.

356 4078 520 4147 ⁷Hollweg.,
542 4086 588 4146 lll,
605 4102 630 4151 p.
648 4087 687 4139 96.
705 4107 718 4134 c
737 4091 792 4140 Nur
811 4089 1042 4140 ausserordentlicb
1056 4091 1163 4144 wurden
1180 4091 1297 4157 ‹lagegeu
1310 4107 1340 4140 zu
1366 4094 1368 4100 '

325 4176 436 4228 gezogeu
450 4166 543 4215 andere
558 4183 600 4216 am
614 4168 679 4218 Hofe
692 4172 884 4233 gegenwitrtige
894 4171 960 4220 bohe
968 4173 1164 4230 Staatsbeamte,
1173 4170 1211 4221 els
1224 4172 1265 4221 die
1275 4173 1342 4224 Con·

325 4244 391 4303 suln,
405 4245 451 4295 der
460 4246 599 4298 Praefectus
610 4248 683 4308 Urbi,
696 4249 847 4313 Prepesitus
858 4242 924 4300 sacri
934 4251 1049 4305 Cubiculi
1066 4252 1117 4302 und
1132 4253 1233 4302 andere.
1247 4271 1261 4296 ι
