3128 5078
359 534 387 583 tl
597 535 644 585 Itu
667 534 950 585 PRAEFECTURA
971 534 1135 588 URBANA

358 652 465 726 vabat
482 655 622 749 nequis
640 676 681 727 ea
699 651 940 748 confringeret
952 677 993 727 ac
1009 655 1227 748 mutilaret¹;
1243 656 1370 731 Cora-

359 789 416 850 tor
454 780 672 851 horreorum
707 761 972 852 Gordianorum
1000 780 1060 856 vel
1096 781 1366 876 cainaeorum,

358 905 619 1001 praecipuorum
634 906 730 978 inter
748 906 932 979 innumera
949 907 1055 979 Urbis
1073 906 1223 998 horrea,
1244 911 1282 981 in
1308 934 1370 982 re-

357 1031 464 1124 gione
490 1030 671 1104 Aventina
695 1028 710 1071 ²
721 1058 730 1123 3
756 1031 1001 1106 Centenarius
1021 1033 1158 1105 Portus
1183 1033 1243 1107 vel
1263 1037 1370 1108 lime-

358 1157 502 1229 norcbo
512 1157 726 1231 stationariis
734 1158 989 1232 Portuensibus
1003 1156 1204 1254 praefectus,
1221 1161 1276 1232 eui
1285 1183 1369 1232 cura

357 1282 1369 1381 mmmmmmmmwwffimmmmm

357 1407 514 1483 latrones
523 1411 748 1484 securitatem
761 1410 999 1484 subvectionis
1013 1410 1197 1484 turbarent
1206 1410 1231 1503 ³3
1245 1436 1370 1507 quem-

358 1537 544 1609 admodum
572 1537 658 1610 olim
685 1537 850 1610 Claudius
881 1538 1075 1633 Imperator
1110 1537 1248 1632 Vigiles
1277 1538 1369 1634 apud

358 1663 455 1738 Ostia
473 1673 506 1737 et
517 1663 681 1737 Puteolos
695 1687 736 1737 ac
752 1665 944 1737 secundum
955 1662 1093 1738 Tiberis
1108 1664 1219 1760 ripam
1233 1687 1297 1759 pro
1311 1663 1370 1736 lit-

357 1789 1435 1885 tmmmmwmmfflmmwwwwm-

363 1915 547 1986 Tribunus
563 1939 693 1986 reram
714 1916 909 1988 nitentium
933 1917 1008 1988 sive
1034 1916 1245 1989 architectus
1264 1914 1371 1988 Urbis

357 2041 494 2130 Romae,
508 2040 568 2135 qui
582 2016 750 2114 Romanis
764 2041 894 2115 artibus
907 2051 1072 2137 praeerat,
1090 2051 1124 2115 et
1137 2043 1251 2114 omnia
1265 2063 1372 2113 cura-

302 2195 306 2203 ·
358 2166 417 2239 bat
433 2190 513 2262 quae
531 2167 576 2238 ad
592 2142 701 2239 Urbis
721 2167 896 2257 decorem,
927 2167 1153 2262 elegantiam,
1184 2168 1240 2240 vel
1265 2189 1372 2238 mun-

356 2274 481 2391 ditiam
506 2290 766 2387 pertinebant?

406 2420 539 2490 Praeter
553 2417 616 2490 bos
635 2442 757 2490 omnes
772 2419 1002 2512 magistratus
1026 2417 1209 2491 inferioris
1235 2418 1370 2490 ordinis

358 2554 391 2617 et
410 2542 583 2617 Praefecto
600 2544 688 2616 Urbi
705 2543 860 2616 subditos
875 2543 964 2617 alios
988 2544 1144 2641 reperire
1159 2551 1213 2616 est
1223 2567 1370 2639 quorum

356 2670 501 2742 Notitiae
533 2668 748 2742 mentionem
775 2667 911 2741 nullam
939 2665 1058 2757 faciat,
1084 2692 1171 2764 quos
1193 2683 1310 2744 tamen
1334 2668 1372 2739 in

357 2797 560 2869 recensione
575 2786 789 2868 urbanorum
808 2794 1080 2889 magistratuum
1096 2796 1279 2892 praeterire
1298 2818 1369 2867 non

356 2924 483 2995 liceat:
514 2945 638 3016 nempe
668 2919 868 2994 Curatores
894 2922 1088 3013 reqionum
1112 2943 1153 2993 ao
1176 2919 1372 3014 Magistros

357 3048 520 3121 tricorum
553 3043 578 3116 ⁶.
622 3046 809 3126 Neminem
843 3043 939 3140 fugit
974 3045 1107 3119 Urbem
1146 3047 1295 3120 Romam
1328 3046 1372 3118 ab

357 3175 518 3269 Angusto
542 3173 580 3245 in
599 3172 857 3269 quatuordecim
888 3172 1050 3266 regiones
1068 3173 1216 3246 Lutetiae
1242 3182 1372 3245 nostrae

358 3302 559 3397 regionibus
587 3302 960 3398 (orroudissercertts)
989 3299 1188 3373 consimiles
1220 3299 1370 3372 divisam

356 3429 467 3531 fuisse
484 3429 596 3525 iisque
615 3429 821 3523 regionibus
834 3451 928 3500 nunc
946 3428 1051 3500 etiam
1071 3428 1190 3516 riori,
1212 3427 1371 3500 breviato

358 3559 510 3646 nomine,
528 3557 712 3654 appellatis
728 3557 916 3629 (iuratores
931 3554 1100 3650 quosdam
1119 3577 1257 3627 annuos
1276 3577 1372 3650 prae-

389 3820 498 3879 mass.
519 3821 594 3874 var..
608 3818 679 3880 vui,
691 3817 729 3867 13.
753 3845 780 3854 -
798 3816 888 3879 noer..
904 3816 936 3878 u,
946 3830 971 3880 p.
986 3814 1104 3865 roo-201.
1170 3787 1178 3873 ss

390 3911 402 3947 ²
419 3913 502 3972 leia..
517 3926 542 3974 p.
553 3909 609 3962 202.
627 3938 659 3947 -
673 3908 780 3968 Preller‚
794 3923 819 3972 p.
837 3907 876 3962 22.

390 3994 402 4030 3
419 3992 509 4051 Beck..
520 3995 600 4052 thid..
615 4007 640 4056 p.
652 3991 696 4042 191
710 3995 736 4039 et
748 4004 820 4053 seqq.

390 4076 400 4109 ⁴
418 4073 508 4134 Prell.‚
521 4089 546 4138 p.
561 4072 601 4122 90.

391 4155 402 4189 ⁵
420 4154 552 4215 Beck.‚11‚
565 4170 589 4218 p.
603 4152 719 4203 203-206.

391 4234 403 4268 ⁶
420 4235 512 4294 wilt,
526 4237 547 4297 1,
560 4251 586 4299 p.
600 4234 656 4295 442,
669 4238 722 4284 not.
732 4231 787 4284 2.-
797 4231 878 4288 Suet,
894 4231 959 4290 Oct„
968 4243 989 4280 e.
999 4242 1062 4280 xxx.
1073 4253 1101 4265 a
1113 4229 1169 4289 Dio,
1183 4228 1237 4290 LV,
1249 4243 1271 4281 c.
1283 4241 1339 4278 viu.
