3128 5078
332 547 362 595 98
470 568 474 575 ·
577 545 1101 600 nuru.nrnc'lnnauussnnn

332 676 443 738 tatum
456 692 648 741 concursus
658 692 728 741 non
747 666 825 740 sine
840 666 1065 740 aemulatione
1076 690 1117 740 ac
1128 666 1241 739 livore
1252 665 1341 738 fuit:

330 794 465 868 scilicet
479 794 683 869 Ammianus
702 820 765 868 nos
782 794 882 868 docet
907 795 1110 888 Aginatium
1128 791 1314 890 quemdam
1332 847 1342 881 ,

330 921 509 993 Vicarium
526 920 634 993 Urbis
652 923 789 1010 Romae,
815 919 1061 1014 indignissime
1082 917 1205 991 tulisse
1225 926 1259 990 et
1278 919 1346 989 do-

328 1046 437 1119 luisse
455 1047 492 1117 in
505 1046 748 1119 examinandis
757 1048 872 1120 causis
882 1044 1118 1118 Maximinum
1129 1042 1343 1116 Praefectum

327 1194 476 1244 annonae
496 1170 541 1243 ab
553 1170 697 1266 Olybrio
714 1170 779 1245 sibi
795 1172 983 1268 praelatum
998 1169 1022 1242 ¹.
1038 1172 1126 1244 Item
1145 1171 1181 1241 in
1196 1168 1345 1265 quibus-

325 1298 406 1369 dam
424 1297 540 1369 causis
566 1297 726 1370 civilibus
751 1306 786 1370 et
813 1296 1051 1369 criminalibus
1071 1296 1233 1368 Vicarius
1250 1296 1343 1367 solus

325 1421 557 1517 cognoscebat
573 1419 600 1514 Ι,
611 1423 760 1519 exerupli
774 1400 891 1517 gratia
906 1424 943 1493 in
963 1423 1105 1495 incestis
1123 1421 1252 1517 nuptiis
1262 1420 1287 1509 ³,
1309 1429 1343 1493 et

324 1548 594 1643 Persectissinei
609 1548 674 1621 sub
694 1549 773 1642 ejus
791 1549 1038 1644 jurisdictione
1057 1547 1229 1636 collocati,
1250 1547 1343 1642 apud

323 1699 416 1763 eum,
437 1674 542 1748 venia
569 1676 685 1749 aetatis
712 1676 911 1770 impetrata,
929 1675 972 1746 de
1001 1675 1181 1746 honestate
1205 1681 1239 1744 et
1269 1670 1343 1744 suis

323 1799 480 1873 moribus
501 1800 689 1897 perdocere
704 1799 875 1873 debebant
891 1800 916 1871 Ι.
935 1800 1014 1896 lpse
1028 1800 1229 1891 Praenestes
1241 1796 1342 1868 ludos

322 1924 447 1998 edebat
459 1923 484 2014 ³,
500 1923 720 2020 jushabebat
733 1924 770 1995 in
782 1925 888 1997 Curia
899 1924 1043 1997 sedendi
1054 1947 1131 1995 cum
1139 1921 1337 2007 Praefectis

322 2049 544 2139 Consulibus,
559 2049 781 2139 illustribus,
795 2051 943 2146 aliisque
963 2048 1203 2138 summatibus,
1218 2049 1342 2120 merito

322 2176 415 2247 iuter
433 2176 626 2270 praecipuos
653 2149 849 2248 censendus
879 2177 937 2273 qui
968 2177 1142 2248 senatoria
1167 2175 1342 2270 dignitate

322 2307 515 2393 augeretur
532 2296 565 2391 ⁶3
587 2300 733 2397 ideoque
754 2302 892 2374 caeteris
920 2301 1074 2375 Vicariis
1095 2304 1131 2373 iu
1147 2302 1342 2376 Occidentis

320 2424 478 2521 partibus
511 2434 690 2515 antestat,
709 2427 772 2499 soli
792 2424 923 2499 Africae
942 2428 1148 2499 Proconsuli
1163 2427 1341 2523 postposi-

325 2560 380 2622 tus
396 2549 422 2622 ⁷.

371 2677 527 2750 Codicilli
543 2679 697 2751 Vicariae
713 2677 940 2753 Praefecturae
960 2681 1106 2755 eburnei
1124 2692 1226 2755 erant
1237 2679 1340 2770 (dilen

322 2802 353 2882 ἐξ
366 2802 556 2900 ἐλεφάντων),
576 2828 597 2878 a
618 2806 783 2902 Principe
805 2807 924 2878 emissi
935 2803 960 2877 ⁸.
977 2808 1087 2902 Cujus
1102 2833 1204 2881 novae
1219 2809 1342 2903 digni-

322 2931 405 3001 tatis
419 2931 534 3025 prima
554 2932 735 3005 institutio
759 2932 804 3005 ad
821 2955 954 3004 annum
968 2935 1041 3006 320
1066 2943 1144 3029 post
1163 2934 1340 3006 Christum

324 3275 383 3323 vitia
404 3280 587 3339 quaererentur.
613 3296 626 3319 s
656 3305 680 3311 -
700 3275 784 3334 Cors,
807 3293 831 3340 p.
856 3290 918 3327 xcv.
943 3295 956 3321 a
1027 3279 1052 3327 A
1069 3280 1188 3330 frumenti
1210 3282 1340 3331 canonarii

324 3356 512 3421 susceptoribus
537 3371 587 3406 una
613 3371 670 3405 cum
697 3356 774 3405 Urbis
800 3355 903 3407 Vieuu'o
923 3358 1035 3408 rationes
1051 3360 1169 3424 exigebat
1190 3362 1340 3425 (Praefectus

323 3436 450 3499 annonae).
469 3455 483 3481 a

354 3520 364 3553 ¹
382 3519 479 3579 Anum,
494 3517 611 3577 XXVIII,
625 3519 646 3568 I.

355 3599 366 3633 ²
383 3596 518 3660 Hollweg„
532 3600 576 3654 ΙΙΙ.
589 3614 612 3663 μ.
630 3599 670 3650 64.
683 3617 696 3643 «
755 3598 875 3649 Einzelne
891 3600 1029 3652 Gesehatte
1047 3602 1102 3651 sind
1121 3604 1179 3654 elom
1205 3605 1339 3658 Vieorius

323 3675 699 3744 ausschliesslichubertragen.
718 3698 731 3725 e

355 3757 367 3794 ³
384 3758 481 3816 Amrn.‚
494 3758 609 3819 XXVIII,
626 3759 648 3809 l.
661 3790 690 3797 -
700 3762 763 3811 God.
782 3763 891 3823 Theca,
916 3761 1067 3814 Deincestis
1082 3764 1183 3830 nuptiis.

356 3842 366 3876 Ι
385 3842 449 3891 God.
466 3841 577 3898 Tueou„
591 3841 624 3899 11,
636 3842 674 3891 tit.
693 3841 731 3892 17.
748 3861 761 3887 «
772 3842 808 3893 De
824 3844 896 3895 venia
907 3845 992 3894 aetatis
1010 3845 1059 3908 (lex
1073 3846 1164 3908 unica).
1182 3872 1210 3884 ··
1220 3842 1338 3902 Gothos„

325 3923 387 3970 l'od.
407 3921 518 3978 Iliecd„
537 3919 580 3978 Vl,
595 3917 632 3970 tit.
644 3921 683 3981 37,
697 3921 733 3971 De
743 3923 969 3987 perfectissimatus
981 3924 1113 3988 dignate,
1127 3925 1143 3975 l.
1159 3927 1180 3978 1.

355 4000 466 4061 ⁵Cass.,
481 4000 551 4050 ibid.
971 4034 976 4041 ·

355 4082 458 4132 tlein.
547 4102 551 4107 ’

356 4164 366 4198 ῖ
383 4162 473 4223 Beck„
489 4179 513 4228 p.
526 4163 549 4212 l.
737 4192 745 4231 '.

355 4244 478 4306 ⁸Am1n.,
490 4245 607 4301 XXVII,
625 4244 646 4293 I.
663 4272 689 4279 —
710 4247 781 4297 Nota
793 4244 896 4305 ValesII‚
913 4253 931 4299 t.
946 4249 986 4309 ΙΙΙ,
1002 4264 1027 4312 p.
1043 4249 1098 4300 217.
