3128 5078
312 531 326 578 r
547 528 595 578 nn
618 514 905 592 rnmrncrunn
926 532 1096 586 unsrun

225 669 229 679 '
311 667 363 744 τάς
375 671 422 735 τοῦ
443 664 579 747 θανάτου,
602 672 689 745 τοῖςτε
702 666 780 761 dorp
804 667 880 737 πόλει
894 669 968 743 πλήν
981 664 1021 738 ὧν
1035 667 1071 738 ἂν
1097 669 1181 753 εἴπω,
1198 673 1249 739 καὶ
1274 678 1331 751 τοῖς

309 789 366 871 ἔξω
381 791 470 868 αὐτῆς
491 790 580 887 μέχρι
606 790 777 866 πεντήκοντα
801 794 851 861 καὶ
870 792 1046 864 ἑπτακοσίων
1072 795 1201 866 σταδίων
1226 797 1331 866 οἰκοῦσι

308 916 405 1013 κρίνῃ.
859 995 862 1001 ,

356 1045 413 1117 Ex
437 1043 562 1140 quibus
591 1044 707 1117 verbis
735 1046 820 1118 satis
843 1055 988 1142 apparet
1014 1047 1109 1122 haud
1126 1050 1330 1143 inusitatum

308 1194 421 1266 neque
462 1194 595 1249 novum
633 1169 724 1265 apud
756 1172 936 1244 Romanos
967 1169 1079 1245 fuisse
1099 1172 1331 1247 Praefecturae

307 1318 435 1367 nomen
456 1320 468 1365 r
483 1297 574 1391 quod
592 1298 697 1369 etiam
712 1296 836 1369 illustri
853 1295 1079 1369 confirmatur
1098 1299 1214 1371 Taciti
1228 1299 1333 1372 testi-

309 1421 424 1491 monio
443 1419 536 1491 hunc
552 1418 627 1493 fere
643 1422 690 1493 in·
702 1420 841 1492 modum
855 1421 1054 1517 loquentis:
1075 1448 1093 1490 «
1113 1415 1273 1516 Regibus
1291 1445 1331 1494 ac

307 1554 429 1640 postea
448 1545 658 1620 Consulibus
690 1547 791 1619 domo
813 1545 990 1643 profectis,
1018 1547 1095 1620 sive
1125 1547 1170 1619 ad
1200 1547 1331 1620 bellum

307 1671 517 1765 gerendum,
538 1673 613 1744 sive
632 1671 677 1745 ad
694 1674 817 1746 Ferias
838 1675 981 1766 Latinas
1003 1674 1041 1744 in
1060 1681 1178 1746 monte
1196 1673 1330 1746 Albano

308 1797 380 1868 ritu
401 1795 550 1869 solemni
585 1796 827 1886 celebrandas,
858 1799 895 1869 in
914 1808 1050 1893 tempus
1080 1797 1329 1892 deligebantur

309 1923 381 2018 qui,
403 1923 540 2015 regium
558 1923 819 1995 autconsulare
837 1946 962 1995 munus
980 1933 1201 2018 usurpantes,
1226 1922 1331 2015 rebus

308 2046 454 2119 urbanis
472 2056 667 2142 praeessent
678 2057 782 2144 atque
790 2050 851 2144 jus
865 2049 1067 2139 redderent,
1084 2073 1129 2122 ne
1143 2048 1236 2121 Urbs
1255 2050 1331 2121 sine

308 2172 454 2267 imperio
471 2169 600 2245 foret1.
618 2201 636 2243 »
649 2174 806 2258 Quorum
815 2172 1136 2247 Praefectorumvel
1150 2158 1329 2247 custodum

310 2297 442 2392 primus
463 2295 532 2369 fuit
548 2300 682 2371 Denter
696 2296 902 2372 Romulius²
920 2299 941 2372 a
958 2299 1110 2373 Romulo
1131 2301 1327 2388 institutus

313 2421 364 2492 sic
391 2431 428 2494 ut
453 2419 673 2496 Praefectura
701 2423 745 2494 ab
762 2426 838 2519 ipsa
862 2427 1034 2498 Romanae
1059 2424 1158 2497 urbis
1189 2426 1329 2518 origine

312 2548 496 2620 exordium
510 2559 635 2621 sumat.
649 2538 770 2643 Imago
781 2573 864 2622 vero
875 2551 1035 2646 quaedam
1053 2550 1198 2622 honoris
1211 2550 1331 2644 potius

309 2696 416 2771 quam
435 2673 547 2745 honor
568 2698 646 2747 esse
665 2674 850 2749 videbatur
871 2676 948 2747 haec
970 2675 1126 2769 dignitas
1154 2675 1328 2770 precaria,

311 2824 382 2871 non
425 2801 565 2895 proprio
611 2799 672 2872 sed
714 2800 830 2873 alieno
871 2810 907 2874 et
944 2808 1100 2872 mutuato
1140 2799 1330 2894 splendens

210 2975 213 2981 ,
309 2924 450 2997 lumine.

357 3040 411 3112 lta
431 3064 469 3113 se
492 3064 550 3112 res
568 3039 692 3112 habuit
717 3065 826 3137 usque
853 3042 898 3113 ad
925 3041 1078 3113 Cilnium
1102 3030 1331 3136 Maecenatem

310 3165 446 3238 eunctis
480 3165 573 3261 apud
598 3167 747 3239 Romam
783 3175 886 3262 atque
915 3165 1051 3268 ltaliam
1089 3167 1331 3262 praepositum,

311 3293 412 3386 cujus
432 3291 579 3363 consilio
592 3290 771 3385 Augustus
794 3299 1003 3387 potestatem
1016 3291 1332 3364 extraordinariam

311 3412 350 3488 in
369 3417 583 3490 ordinariam
613 3419 731 3505 vertit,
759 3418 913 3513 adeoque
944 3419 1041 3490 auxit
1062 3427 1100 3490 ut
1119 3417 1331 3513 amplissima

313 3543 478 3615 meruerit
495 3543 625 3620 uocari
651 3550 685 3614 et
711 3542 795 3613 novi
808 3539 973 3617 Praefecti
1000 3541 1091 3614 nihil
1110 3543 1190 3637 jam
1203 3553 1332 3638 praeter

314 3689 442 3740 nomen
460 3690 538 3739 cum
555 3667 680 3764 priscis
694 3682 877 3740 commune
891 3666 1080 3739 habuerint
1102 3691 1110 3735 ε
1134 3667 1260 3761 quippe
1275 3667 1334 3762 q'ui

313 3792 360 3865 ad
378 3791 517 3865 culmen
538 3816 658 3865 rerum
679 3790 895 3865 urbanarum
908 3792 1033 3880 evecti,
1048 3790 1154 3863 etiam
1171 3790 1334 3886 Principe

314 3925 348 3990 et
368 3916 578 3989 Consulibus
597 3918 722 3990 Romae
736 3916 957 4010 degentibus,
975 3916 1010 3986 ui
1025 3916 1101 4010 ipsa
1121 3915 1178 3986 sui
1198 3917 1334 4010 mugis-

346 4150 355 4185 ¹
373 4150 487 4211 TacituS,
503 4156 595 4209 Anu„
609 4150 627 4200 1.
643 4149 690 4206 Vl,
702 4164 724 4202 c.
736 4163 772 4197 x1.
839 4220 842 4223 v

347 4229 359 4264 ²
376 4232 450 4282 Ibid.
