3128 5078
510 528 560 580 DE
583 530 962 583 ADMINISTRATIONE
1212 531 1243 581 ot

228 648 280 721 Ea
293 671 378 721 vero
393 657 470 720 erat
483 645 648 723 Praefecti
668 658 821 744 potestas
839 657 877 720 ut
891 652 1109 745 privatorum
1124 651 1243 725 domos

228 774 271 846 ab
289 773 424 844 aedibus
443 772 592 868 publicis
611 796 681 844 non
703 774 862 867 legitimo
885 775 1072 847 intervallo
1095 800 1245 873 separa-

227 908 292 988 tas,
326 906 466 994 propter
498 906 661 971 ornatum
698 899 876 994 publicum
907 910 968 972 aut
999 902 1241 974 incendiorum

228 1034 367 1113 metum,
390 1025 547 1096 amoveri
573 1024 742 1120 juberet:
774 1026 866 1121 quod
879 1026 941 1119 jus
968 1027 1000 1098 ei
1027 1028 1242 1123 competebat

226 1150 256 1222 si
276 1173 384 1246 usque
401 1151 446 1222 ad
462 1150 717 1245 quinquaginta
745 1149 856 1224 libras
882 1142 1024 1245 argenti
1052 1153 1241 1226 aestimatio

226 1276 331 1370 pretii
359 1282 561 1365 taxaretur,
589 1274 632 1346 de
654 1274 814 1347 aedificiis
844 1300 928 1350 vero
960 1277 1104 1371 majoris
1123 1280 1240 1350 meriti

136 1474 139 1478 s
226 1401 271 1472 ad
290 1401 466 1496 Principis
480 1399 664 1472 scientiam
679 1398 815 1472 referre
834 1400 1017 1474 debebat¹.

273 1529 329 1600 No
367 1535 484 1600 autem
519 1527 564 1599 ad
598 1527 675 1598 haec
707 1529 824 1600 omnia
856 1528 1068 1624 perficienda
1104 1528 1241 1602 deesset

225 1653 387 1748 pecunia,
409 1677 453 1724 ex
472 1654 599 1725 aerario
618 1662 712 1725 certa
737 1675 871 1725 summa
890 1654 1078 1725 constituta
1099 1664 1175 1727 erat
1202 1656 1240 1726 in

225 1778 448 1868 exstruendis
463 1778 519 1850 vel
533 1777 728 1850 reficiendis
749 1779 883 1851 aedibus
896 1778 1129 1875 impendenda
1147 1776 1172 1849 ².
1196 1781 1239 1852 Ei

224 1904 398 1998 praecipue
419 1904 471 1975 rei
487 1903 624 1998 pondus
639 1903 968 1998 quoddamargenti
983 1926 1004 1974 a
1018 1905 1238 1976 Praetoribus

223 2028 452 2124 deputabatur
470 2026 615 2101 fabricis
637 2028 748 2101 Urbis
771 2032 895 2103 Romae
926 2029 1075 2125 provida
1104 2032 1239 2102 ratione

222 2151 443 2249 profuturum
462 2163 567 2248 atque
587 2154 632 2226 ad
651 2156 809 2249 officium
828 2155 1012 2242 Praefecti
1026 2153 1235 2244 directumss,

222 2301 275 2367 ac,
288 2281 316 2351 si
331 2279 491 2374 expensis
504 2302 525 2351 a
538 2277 677 2352 defectu
689 2290 889 2374 sumptuum
904 2279 1121 2351 vindicandis
1138 2281 1237 2352 solita

221 2404 407 2498 vectigalia
429 2428 498 2476 non
518 2402 732 2493 sufficerent,
755 2396 800 2474 id'
810 2403 1015 2476 clarissimae
1034 2404 1141 2476 Urbis
1160 2405 1238 2498 dig-

222 2531 323 2602 nitati
333 2508 463 2601 ¹datum
477 2538 515 2601 ut
530 2554 573 2601 ex
592 2531 764 2601 minorum
778 2530 958 2601 civitatum
978 2530 1115 2601 viribus
1129 2529 1238 2601 adsu-

116 2643 120 2649 ’
221 2664 375 2728 meretur
409 2664 514 2750 atque
541 2655 764 2750 suppleretur
790 2653 815 2725 ⁴.
848 2655 1009 2726 Praeerat
1040 2652 1236 2726 Praefectus

186 2835 197 2850 .
220 2780 306 2852 Urbi
320 2780 521 2853 architectis
539 2779 654 2876 iisque
666 2778 861 2851 mercedem
872 2802 941 2874 qua
961 2780 1122 2850 conducti
1136 2788 1238 2850 erant

219 2908 395 2997 solvebat3
412 2906 479 2979 hos
501 2906 722 2994 architectos
741 2905 961 2978 mechanicos
975 2905 1131 3001 aliosque
1145 2904 1235 2976 aedi-

219 3034 376 3105 ficiorum
390 3033 628 3127 redemptores
647 3030 793 3124 cogebat
812 3040 851 3102 ut
865 3053 905 3103 ea
927 3016 1135 3125 perficerent
1155 3054 1233 3126 ques

218 3159 438 3232 redemerant
476 3155 500 3227 ⁵.
543 3158 622 3252 Ipse
659 3158 843 3228 materiam
875 3156 919 3228 ad
959 3156 1236 3227 exstructionem

219 3292 522 3360 monumentorum
541 3283 788 3372 necessariam,
810 3282 942 3355 scilicet
956 3279 1104 3371 forrum,
1116 3280 1237 3376 plum-

248 3565 258 3602 4
276 3566 371 3624 Amm,
383 3564 400 3613 l.
416 3563 522 3623 XXVII,
536 3577 559 3612 c.
574 3576 610 3612 1v.
627 3564 770 3625 «Namque
783 3565 810 3611 et
824 3561 956 3610 vMaeniana
970 3559 1072 3611 sustulit
1086 3561 1181 3623 omnic,
1197 3560 1235 3609 sn-

216 3648 308 3697 bricari
320 3650 410 3698 Rornae
418 3645 509 3710 priscis
518 3660 618 3709 quoque
630 3645 709 3693 vetita
720 3643 829 3709 legibus,
841 3647 867 3691 et
877 3642 997 3693 discrevit
1007 3644 1039 3692 ab
1047 3643 1144 3694 cedibus
1158 3643 1237 3692 sacris

216 3729 372 3792 privatorum
385 3729 505 3791 parietes,
521 3725 612 3775 iisdem
631 3724 799 3774 inverecunde
811 3739 948 3775 connexos,
961 3743 974 3770 »
998 3753 1026 3761 -
1041 3724 1104 3774 Cod.
1125 3726 1236 3783 Theod„

216 3810 273 3869 XV,
287 3811 327 3859 nt.
341 3810 367 3870 1,
385 3809 402 3858 1.
418 3810 457 3860 30.
488 3837 519 3845 —
533 3810 616 3866 Isiu,
629 3807 645 3856 l.
661 3807 701 3856 25.

248 3892 260 3928 2
276 3890 359 3949 Cass,
378 3889 545 3951 Var.,11‚34.

244 3972 256 4008 ³
275 3974 338 4024 cod.
357 3973 466 4032 Theod„
483 3971 526 4031 VI,
538 3971 577 4019 tit.
592 3969 618 4029 4,
629 3968 666 4018 De
679 3967 841 4032 praetoribus,
852 3967 869 4017 l.
884 3968 922 4018 13.

245 4053 258 4090 ⁴
274 4053 358 4114 Ibid,
370 4053 428 4110 XV,
442 4053 483 4102 tit.
500 4053 523 4112 1,
538 4051 556 4101 1.
568 4050 608 4100 26.
628 4077 656 4087 -
673 4051 781 4112 Symm„
791 4048 809 4098 l.
822 4049 855 4108 X,
871 4065 912 4114 ep.
923 4048 962 4098 50.

246 4132 356 4193 ⁵Cass.,
377 4133 453 4192 Var„
471 4134 491 4190 1,
514 4132 537 4181 6.
556 4159 583 4167 -
599 4132 706 4193 Symm,
722 4130 755 4188 X,
774 4145 814 4193 ep.
830 4129 915 4178 38-39.
937 4155 969 4166 -
990 4125 1029 4178 Cs.
1044 4127 1105 4179 Cod.
1126 4129 1235 4194 Theoti„

220 4212 277 4272 XV,
287 4214 327 4263 tit.
344 4213 397 4273 1,1.
412 4212 452 4263 24.
