3128 5078
300 614 303 619 A
338 546 368 595 aa
571 542 621 593 ns
639 540 933 593 Pamrncruaa
950 540 1121 591 ursana

337 680 527 753 reservatis
540 677 565 768 ¹,
587 688 660 751 tum
681 677 918 766 in'civilibus,
950 679 1025 748 tum
1055 676 1094 747 in
1112 673 1359 747 criminalibus

337 800 601 893 controversiis,
626 803 792 898 judicare
822 802 941 897 coepit,
973 802 1023 873 ita
1056 810 1094 873 ut
1128 798 1171 872 ab
1187 798 1357 895 Ulpiano

334 931 405 1002 dici
431 930 587 1026 potuerit
609 954 616 999 :
642 954 660 997 ⁴<
689 928 816 1002 Omnia
834 925 976 999 omnino
995 926 1146 1003 crimina
1164 948 1243 1021 quae
1264 925 1358 996 intra

333 1054 467 1127 Urbem
483 1053 719 1126 admittuntur
738 1048 959 1124 Praefectura
977 1049 1084 1122 Urbis
1104 1049 1172 1122 sibi
1192 1049 1357 1121 vindica·
1465 1042 1468 1047 ’

333 1175 435 1251 viti
462 1179 632 1252 »Omnes
665 1176 797 1250 scilicet
831 1174 1024 1249 liberorum
1051 1173 1094 1246 de
1124 1173 1352 1269 parentibus,

333 1302 581 1376 servorumde
599 1301 765 1394 dominis,
786 1300 990 1373 libertorum
1009 1301 1052 1372 de
1069 1298 1226 1395 patronis
1245 1305 1280 1370 et
1294 1296 1356 1368 vi-

334 1427 453 1523 cissim
472 1436 658 1524 parentum
685 1428 729 1499 de
757 1426 896 1516 liberis,
925 1425 1146 1497 dominorum
1174 1421 1354 1496 deservis

124 1546 127 1553 ⁴
223 1604 226 1609 «
331 1576 371 1625 ac
398 1562 624 1649 patronorum
645 1553 693 1651 ¹de
712 1551 849 1623 libertis
875 1549 1030 1646 querelae
1050 1549 1095 1622 ad
1122 1547 1231 1620 Urbis
1251 1548 1352 1619 Prae·

332 1676 415 1751 fecti
434 1677 591 1750 tribunal
600 1674 846 1749 deferebantur
871 1673 897 1746 ³.
913 1675 1064 1747 Tutores
1073 1683 1132 1747 aut
1154 1680 1349 1760 curatores,

222 1832 224 1841 ’
331 1801 469 1875 etiamsi
479 1803 618 1874 Praetor
635 1801 794 1873 tutelaris
803 1782 916 1872 adhuc
935 1808 1145 1895 superesset,
1156 1796 1347 1884 nonnullis,

330 1927 528 2022 praesertim
543 1925 699 2020 prodigis
714 1923 910 2013 et'furiosis,
930 1925 959 1997 si
971 1923 1121 2018 legitimi
1137 1931 1270 1995 tutores
1279 1943 1350 1991 non

330 2059 462 2138 essent,
481 2059 542 2122 aut
559 2050 705 2147 pupillis
722 2048 915 2121 illustrium
941 2049 1111 2137 virorum,
1135 2046 1349 2119 detrectante

329 2182 441 2246 matre
450 2173 614 2262 ¹tutelam,
630 2173 857 2261 constituere,
877 2172 1064 2267 assumptis
1080 2170 1289 2243 decemviris
1304 2191 1348 2240 ex

329 2300 460 2371 Senatu
472 2296 498 2386 Ι,
511 2298 557 2369 ad
566 2273 775 2370 Praefectum
784 2298 898 2393 ipsum
908 2296 1084 2393 spectabat
1093 2321 1103 2387 ;
1119 2294 1349 2392 quemadmo-

325 2426 413 2497 dum
435 2421 591 2496 solebant
609 2423 654 2496 ad
672 2420 926 2496 Praefecturam
941 2423 1073 2495 remitti
1090 2422 1196 2494 etiam
1216 2429 1347 2494 tutores

327 2549 406 2622 sive
419 2558 597 2621 curatores
608 2549 667 2644 qui
680 2548 772 2621 male
792 2549 829 2619 in
839 2547 949 2624 tutela
961 2527 1022 2620 uel
1033 2546 1189 2619 curatela
1200 2546 1343 2633 versati,

325 2676 494 2770 graviore
521 2674 826 2747 animadversione
842 2658 1051 2769 indigebant
1068 2696 1173 2769 quam
1190 2683 1228 2745 ut
1241 2669 1346 2765 suffi-

326 2808 422 2873 ceret
448 2801 493 2873 iis
516 2800 701 2873 ¹ordinaria
725 2822 830 2894 poena
857 2797 1015 2871 infamiae
1028 2797 1053 2891 .⁵·
1086 2798 1343 2897 Haereditatum

326 2944 464 3021 quoque
491 2934 528 3007 et
547 2933 837 3027 testamentorum
861 2948 946 2997 cura
965 2921 1137 3017 Praefecto
1162 2913 1344 2998 commissa

324 3048 401 3140 fuit,
423 3073 528 3146 quum
543 3051 665 3134 Romae
683 3050 809 3123 fierent
825 3061 860 3124 et
873 3049 1012 3125 fraudis
1026 3050 1178 3144 alicujus
1194 3050 1343 3146 suspicio

354 3343 363 3378 1
382 3343 444 3394 Ood.
460 3340 688 3401 Theou.,v1‚tit.
704 3341 762 3400 lsi.
784 3338 821 3390 16.
838 3326 1152 3403 (Commentjoothosredi
1170 3336 1202 3386 de
1220 3336 1342 3401 jurisdic-

323 3423 390 3473 tione
401 3423 540 3488 praetoris.)
552 3425 580 3460 ’-
595 3421 733 3486 Hollweg„
748 3420 766 3470 l.
782 3421 815 3487 ll,
828 3436 853 3485 p.
869 3419 955 3484 50-52,

354 3503 365 3538 ²
381 3503 451 3567 Uip,
466 3503 508 3552 Dc
522 3504 614 3565 officio
624 3503 716 3562 Proef.
737 3502 818 3552 Urbis
832 3502 904 3550 tiber
920 3500 1091 3563 sincerioris.

350 3586 365 3634 ‚³
381 3583 466 3642 Cors,
480 3599 506 3647 p.
520 3596 595 3632 xnur.

352 3682 362 3715 Ι
382 3682 445 3733 Cori.
466 3681 577 3737 Theoti„
592 3679 637 3738 111,
650 3679 690 3729 tit.
704 3679 743 3739 17,
756 3679 774 3728 l.
787 3677 811 3727 3.
823 3680 900 3741 impp.
915 3676 1017 3737 Valent,
1030 3675 1129 3730 Theod.
1144 3683 1170 3727 et
1194 3674 1292 3752 Arcadff
1301 3680 1334 3727 Α.

321 3762 354 3825 A,
373 3760 404 3812 A.
422 3759 532 3808 Proculo
557 3759 587 3807 P.
608 3759 640 3809 V.
661 3777 673 3803 ι(
685 3757 803 3806 Inlustris
820 3757 959 3806 Praefectus
975 3757 1063 3818 Urbis,
1080 3758 1202 3809 adhibitis
1231 3763 1338 3811 Decem-

320 3841 406 3891 virisa
416 3854 520 3889 numero
531 3842 639 3890 Senatus
651 3839 801 3904 amplissimi
811 3843 837 3888 et
846 3839 962 3888 Praetore
970 3837 1111 3889 clarissimo
1121 3840 1176 3891 viro
1185 3841 1227 3905 qui
1235 3841 1339 3892 Tutela·

320 3921 391 3970 ribus
404 3919 592 3983 cognitionibus
609 3920 729 3984 praesidet
749 3919 857 3968 Tutores
884 3919 1050 3968 Curatoresve
1067 3934 1098 3968 ex
1116 3919 1229 3985 quolibet
1245 3923 1337 3972 Ordine

318 4001 423 4051 idoneos
438 4001 514 4050 faciat
526 4000 660 4060 retentari;
674 4015 736 4049 sane
751 3999 777 4048 id
790 4000 870 4057 libero
874 3999 970 4063 judicio
981 4004 1147 4065 expertesque
1159 3989 1243 4052 damni
1261 4019 1337 4053 eons-

318 4082 410 4132 tituent
419 4082 588 4140 iudicantes„
610 4088 687 4145 qu'em
697 4087 777 4130 coetns
788 4081 831 4130 ille
847 4079 1055 4130 administrandis
1065 4084 1175 4146 negotiis
1184 4084 1336 4149 pupillorum

319 4163 496 4228 dignissimum
504 4161 632 4226 judicarit,
641 4160 697 4212 sola
709 4163 835 4221 sententia
849 4161 963 4230 obtineat
974 4158 1170 4215 Praefecturae...
1193 4183 1207 4211 s

349 4261 361 4296 5
376 4260 529 4324 D'rackenb.,
542 4276 564 4311 e.
580 4261 613 4310 X.
