3128 5078
616 553 842 607 PROOEMIUM
979 608 982 617 ,
1227 562 1242 609 7

224 689 436 784 posteriores
462 689 505 761 de
527 687 593 760 hoc
619 686 829 783 magistratu
848 701 1023 786 egerunt3
1056 693 1094 767 in
1119 670 1244 789 primis

224 823 341 886 autem
356 814 580 887 nominandae
593 822 675 887 sunt
683 815 840 911 epistolae
855 816 975 901 Quinti
983 816 1116 892 Aurelii
1135 818 1244 916 Sym·
1280 866 1285 871 -

226 937 359 1010 macchi
384 937 410 1031 ¹,
442 937 606 1013 Praefecti
630 939 720 1012 Urbi
747 940 793 1013 ad
817 940 1050 1036 Imperatores
1077 942 1243 1015 Valenti-

225 1064 383 1154 nianum,
418 1064 652 1138 Theodosium
686 1064 943 1162 Arcadiumque
968 1067 1131 1163 scriptae,
1163 1091 1242 1164 quae

223 1189 441 1285 potissimum
481 1189 527 1262 ad
567 1213 644 1264 rom
680 1198 837 1264 nostram
876 1189 1022 1265 faciunt.
1061 1192 1242 1266 Praeterea

222 1314 365 1410 Ulpiani
382 1314 539 1411 Juliique
553 1314 654 1388 Pauli
667 1313 711 1389 de
728 1311 845 1387 officio
865 1313 1030 1390 Praefecti
1052 1316 1139 1389 Urbi
1158 1316 1240 1389 libri

223 1439 424 1534 singulares
452 1462 473 1513 a
501 1440 634 1514 Graecis
659 1437 814 1530 pzao'izola
841 1439 1035 1537 nuncupati
1049 1437 1076 1531 ²,
1098 1440 1242 1536 Augus-

223 1577 338 1640 torum
351 1564 451 1660 leges
481 1589 544 1641 seu
563 1565 766 1662 Principum
788 1566 1066 1657 constitutiones,
1092 1568 1242 1663 primum

222 1717 244 1767 a
273 1691 483 1781 Theodosio,
520 1690 647 1765 deinde
676 1713 698 1764 a
726 1690 925 1766 Justiniano
956 1685 1168 1790 imperatore
1203 1693 1240 1765 in

222 1842 331 1892 unum
344 1841 469 1914 corpus
481 1817 575 1913 juris
593 1815 710 1889 civilis
728 1816 882 1890 redactae
901 1814 928 1907 ³,
943 1818 1090 1892 Notitia
1106 1818 1241 1913 Diani-

222 1942 376 2033 tatnml,
395 1941 597 2017 Cassiodori
622 1940 787 2014 formulae
806 1942 844 2015 in
870 1943 1071 2017 Variacum
1090 1943 1192 2016 libris
1210 1942 1251 2037 ⁵,

221 2091 395 2142 marmora
428 2067 584 2165 antiqua,
624 2068 771 2158 nummi,
811 2070 902 2142 sacri
934 2070 1040 2143 etiam
1071 2067 1240 2144 Ecclesiae

220 2191 316 2284 fasti,
351 2194 467 2266 olnnia
493 2192 644 2289 denique
675 2201 795 2268 vetera
820 2202 1046 2268 monumenta
1073 2193 1241 2289 largissi-

220 2343 295 2393 mos
328 2319 428 2392 nobis
448 2320 611 2415 aperiunt
636 2315 752 2392 fontes
782 2319 875 2394 unde
903 2320 1110 2394 utilissimas
1134 2329 1240 2417 atque

220 2446 420 2521 uberrimas·
434 2445 572 2519 notitias
591 2444 811 2519 hauriamus.
886 2495 891 2507 ‚

265 2572 323 2646 Ex
340 2573 465 2646 iisdem
481 2568 635 2643 fontibus
660 2573 834 2645 recentius
860 2570 1055 2646 hauserunt
1073 2572 1239 2647 (luiacius

217 2707 350 2799 noster,
361 2697 609 2771 inParatitlis
623 2699 674 2769 ad
686 2696 940 2769 Jnstiniannm
958 2697 1125 2771 Cadiaem
1134 2695 1160 2785 ⁶,
1171 2700 1238 2771 (io

218 2821 413 2910 tholiedus,
429 2822 466 2895 in
488 2819 771 2896 Commentariis
795 2821 1037 2896 Tteoaosiani
1053 2819 1198 2896 Codicis
1208 2822 1233 2914 ⁷,

216 2946 600 3036 Drackonborchius‚in
615 2945 733 3020 libello
739 2946 796 3019 Da
802 2946 1002 3042 Praefectis
1012 2946 1106 3020 Urbi·
1113 2942 1140 3037 ⁸,
1149 2946 1237 3020 Gur-

215 3179 389 3245 recognitione
403 3177 566 3229 Immanuelis
580 3176 690 3228 Bekkeri
710 3181 813 3243 (corpus
827 3174 979 3242 scriptorum
997 3175 1113 3228 historias
1138 3175 1236 3242 Byzan·

215 3258 293 3320 tinae).
307 3260 413 3319 Bonuae,
426 3257 497 3310 1837.
1161 3251 1165 3259 ⁴

249 3341 258 3378 ¹
278 3342 307 3398 Q.
323 3326 423 3393 Anrel.
438 3341 606 3405 Symmachi
624 3341 705 3404 epist.
721 3338 908 3396 addicemus,
922 3335 967 3386 lib.
984 3335 1018 3395 X,
1031 3335 1099 3385 adid.
1117 3334 1233 3396 iuratus,

247 3501 260 3538 ²
275 3501 409 3567 Ulpianus,
424 3503 510 3553 Liber
520 3502 682 3564 stupratoris
693 3502 728 3552 de
742 3499 837 3561 officio
850 3497 986 3560 Praefecti
999 3497 1068 3549 urbi
1085 3510 1121 3548 an
1137 3497 1230 3549 Jnsti-

217 3585 304 3635 niani
319 3583 456 3646 Dipestis.

245 3664 258 3700 ³
275 3667 367 3716 codem
384 3663 606 3721 tueoacstanns,
630 3660 709 3711 edidit
722 3660 807 3711 Rittcr
827 3673 887 3708 cum
904 3657 1054 3709 Gothofredi
1083 3659 1229 3710 Commen-

214 3747 296 3797 tario.
311 3743 327 3793 6
339 3743 389 3797 vol.
402 3741 486 3798 insol.
500 3770 529 3780 -
544 3743 636 3793 dadan
652 3741 845 3792 lastinianus
857 3740 959 3804 (corpus
968 3738 1035 3805 juris
1045 3738 1147 3803 civilis).

245 3826 257 3862 ⁴
273 3825 382 3879 Notitia
393 3823 581 3887 Dianitatnm
596 3822 752 3884 ntrinsqna
764 3819 891 3883 imperii.
996 3826 1000 3831 ·

245 3905 257 3941 ⁵
276 3905 434 3957 cassiodori
447 3911 534 3966 opero
549 3904 584 3952 in
600 3904 671 3952 dnos
686 3906 772 3951 tomos
787 3902 953 3951 distributa.
969 3898 1057 3951 ln-sol.
1069 3900 1146 3960 Van,
1160 3899 1231 3951 1729.

245 3985 256 4019 ⁰
273 3983 398 4042 Cuiacius,
412 3985 555 4034 Parasitia
568 3984 606 4032 ad
618 3982 824 4032 Jnatiniannm
835 3981 973 4036 codicem,

152 4076 157 4084 ’
245 4064 256 4100 ⁷
273 4063 453 4121 Gotholredus,
470 4065 561 4113 Ocalea
572 4062 793 4113 Theodosianns.
808 4060 824 4109 6
838 4060 887 4112 vol.
903 4059 1000 4122 in-tol.,
1018 4060 1087 4117 1665,

245 4145 257 4180 ⁸
274 4146 397 4197 arnoldi
411 4145 654 4196 Drackenbcrcliii
664 4145 699 4194 de
716 4144 863 4207 praefectis
890 4144 957 4194 Urbi
971 4143 1087 4193 libellus.
1113 4142 1228 4199 Baruthi‚

215 4224 284 4278 1287.
