3128 5078
461 567 509 616 nn
532 565 714 616 nuuours
732 541 957 616 eumenium
1181 571 1212 618 aa

196 685 370 780 conjicere
407 685 504 776 licet3
536 694 573 757 ut
607 685 649 757 de
673 685 717 756 iis
754 691 889 756 tantum
934 684 1120 781 loquamur
1155 695 1212 787 qui

142 898 144 903 ,
197 811 320 885 melius
337 811 383 884 ad
399 834 473 882 rem
492 821 647 883 nostram
666 808 812 900 faciunt,
830 810 1020 885 mentiones
1052 814 1212 889 diversa-

190 959 273 1023 ‘rum
283 918 465 1011 domorum
476 938 514 1009 in
525 938 635 1010 variis
646 937 753 1010 Urbis
769 918 974 1033 regionibus
991 964 1011 1012 a
1025 940 1214 1016 Praefectis
1304 1024 1306 1027 ,

199 1073 444 1160 occupatarum
470 1064 562 1162 apud
592 1065 815 1139 Ammianum
835 1077 1025 1140 occurrunt
1048 1094 1055 1137 :
1080 1069 1216 1142 scilicet

197 1191 289 1262 illius
301 1191 430 1264 domus
447 1189 456 1230 ¹
475 1214 578 1287 quam
595 1191 753 1264 Lucilius
767 1192 931 1266 Aurelius
945 1193 1103 1267 Avianus
1117 1194 1216 1291 Sym-

197 1315 359 1408 machus,
377 1302 500 1401 Quinti
521 1316 657 1390 Aurelii
687 1317 886 1414 Symmachi
914 1321 1068 1392 oratoris
1098 1296 1214 1416 pater,

198 1441 237 1512 in
264 1441 533 1515 Transtiberina
560 1438 705 1537 regione
743 1444 899 1540 possedit
926 1454 961 1517 et
997 1468 1102 1541 quam
1122 1448 1218 1519 cives
1264 1533 1271 1547 ·

199 1568 428 1642 incenderunt
441 1592 451 1659 3
475 1567 637 1665 illiusque
652 1569 798 1642 alterius
821 1571 944 1643 domus
959 1568 973 1611 ²
988 1594 1091 1667 quam
1116 1570 1219 1643 Lam-

199 1693 336 1790 padius,
349 1718 531 1767 successor
541 1696 631 1791 ejus
645 1720 753 1791 prope
769 1695 1102 1770 Constantinianum
1117 1699 1221 1771 lava-

200 1843 300 1892 crum
311 1843 372 1894 seu
384 1819 538 1894 thermas
547 1821 872 1914 Constantinianas,
883 1823 919 1894 in
930 1834 1028 1897 sexta
1041 1822 1215 1918 regione3,

148 1942 151 1946 ’
196 1944 395 2042 possidebat
419 1958 454 2020 et
479 1949 534 2019 cui
559 1946 664 2043 plebs]
686 1947 830 2021 collecta
858 1945 953 2023 faces
972 1959 1006 2021 et
1039 1949 1220 2023 malleolos

201 2071 331 2168 injecit.
364 2073 520 2157 Quorum
557 2073 801 2147 incendiorum
829 2074 1004 2170 pericuhs'
1023 2075 1218 2150 Praefectos

202 2198 307 2272 Urbis
322 2202 445 2274 Romae
457 2207 541 2271 tunc
556 2200 724 2274 obnoxios
741 2198 851 2273 fuisse
865 2226 928 2273 nos
942 2202 1041 2274 docet
1064 2202 1225 2276 timbre-²

203 2325 275 2396 sius
290 2326 340 2405 ‚in
380 2324 529 2421 epistola
561 2326 605 2397 ad
634 2325 869 2398 Theodosium
887 2327 919 2415 ²¹,
958 2328 1019 2400 ubi
1047 2339 1218 2402 memorat

204 2459 413 2549 quantorum
449 2453 574 2524 Romae
612 2453 734 2525 domus
773 2450 1028 2526 Praefectorum
1060 2455 1218 2526 incensae

201 2577 346 2670 fuerint,
366 2580 506 2652 nemine
524 2577 740 2667 vindicante,
763 2577 858 2673 quia,
877 2578 907 2651 si
927 2581 1002 2674 quis
1019 2579 1218 2675 Imperato-

200 2729 279 2777 rum
292 2705 401 2778 vellet
413 2702 543 2778 factum
553 2703 712 2778 severius
722 2703 993 2799 reprehendere,
1007 2706 1083 2801 ejus
1099 2706 1214 2800 magis

199 2833 257 2928 qui
267 2840 363 2904 tanto
374 2831 741 2928 dispendioperculsus
753 2838 843 2903 esset
862 2853 1003 2903 causam
1021 2841 1210 2924 gravaret:

148 3028 151 3033 ,
198 2959 283 3030 adeo
299 2966 335 3029 ut
354 2958 485 3053 saepius
503 2955 681 3046 Praefecti,
695 2955 920 3029 seditionibus
935 2956 1137 3030 coercendis
1153 2958 1214 3029 vix

198 3080 424 3173 sufficientes,
447 3084 585 3156 tuendae
605 3082 729 3156 salutis
737 3105 844 3180 causa
857 3084 894 3153 in
904 3081 1102 3154 suburbana
1113 3106 1211 3157 sece·
1274 3149 1277 3155 .

198 3207 296 3297 dere,
328 3209 444 3304 ibique
480 3210 648 3318 tumultus
667 3208 902 3281 adlenimenta
922 3208 1075 3303 opperiri
1102 3231 1212 3302 coge-

229 3427 239 3463 ¹
256 3427 352 3486 Amm,
370 3426 477 3484 XXVII,
492 3425 515 3474 3.
533 3445 546 3469 «
562 3424 609 3483 oui
624 3425 725 3474 domum
738 3423 791 3488 ejus
805 3424 969 3488 (Symmachi)
982 3424 1008 3473 in
1025 3425 1209 3476 transtiberino

195 3513 278 3557 tractu
296 3506 493 3573 pulcherrimam
510 3505 684 3565 incenderunt,
701 3504 760 3554 irati
777 3507 844 3570 quod
861 3506 967 3556 dixisset
984 3505 1092 3555 libenter
1108 3505 1209 3557 sevino

194 3588 297 3652 proprio
308 3587 430 3638 calcarias
444 3585 627 3636 exstincturum
641 3600 717 3649 quam
732 3585 757 3634 id
774 3585 934 3635 venditurum
943 3586 1032 3650 pretiis
1045 3587 1136 3650 quihus
1152 3601 1209 3651 spe-

192 3660 305 3720 rabatur.
322 3688 336 3717 s

224 3750 326 3801 Horu.
350 3770 364 3796 «
377 3748 426 3800 ch
447 3747 587 3799 Praefectus
609 3745 777 3812 (Lampadius)
798 3748 942 3811 exagitatus
961 3752 1000 3798 est
1016 3747 1128 3797 motibus
1152 3764 1207 3799 cre-

192 3832 259 3882 bris:
283 3844 332 3881 uno
359 3829 472 3882 omnium
490 3831 613 3892 maxime,
637 3845 696 3878 cum
718 3827 824 3878 collecta
844 3828 916 3894 plebs
940 3828 1027 3877 infima
1040 3829 1142 3878 domum
1151 3828 1205 3893 ejus

190 3930 269 3979 prope
291 3914 529 3965 Constantinianum
543 3913 672 3962 lavacrum
693 3909 791 3975 injectis
808 3909 905 3961 facibus
931 3917 956 3959 et
974 3909 1099 3959 malleolis
1116 3910 1204 3960 incen-

190 3997 272 4054 derat,
284 3996 309 4043 ni
324 3994 464 4044 vicinorum
479 4000 504 4044 et
520 3991 682 4042 familiarium
698 3991 777 4041 veloci
790 4006 913 4042 concursu
928 3988 1060 4040 asummis
1077 3985 1203 4040 tectorum

189 4075 340 4125 culminibus
350 4076 429 4146 petita
443 4075 511 4124 saxis
521 4079 547 4124 et
560 4072 654 4138 tegulis
669 4072 841 4122 abscessisset.
861 4091 874 4118 >v
918 4126 922 4133 ,

220 4154 232 4190 ³
249 4153 338 4216 Prell.,
353 4171 381 4219 p.
398 4154 435 4204 10.

218 4235 231 4271 ⁴
247 4236 377 4295 Ambros.‚
391 4235 464 4299 epist.
477 4249 546 4284 xxix
560 4234 592 4284 ad
604 4231 783 4284 Theodosium¹
