3128 5078
342 509 372 559 tl
575 508 623 556 llll
646 505 935 558 PRAEFEGTURA
957 504 1123 556 URBANA

342 647 388 718 tis
405 644 624 717 sollicitatam
638 652 743 739 atque
761 641 965 715 distractam
982 639 1112 714 vocat¹.
1129 642 1242 726 Quam
1261 641 1374 714 Zosi-

341 794 419 844 mus
440 772 533 844 inter
554 770 726 843 maximas
741 768 930 862 dignitates
951 775 1124 859 recenset,
1143 765 1374 841 Praefectos-

341 919 408 991 que
427 898 538 969 vicem
557 894 824 992 imperatoriam
842 896 933 969 tueri
958 903 1079 992 aperte
1102 891 1322 971 demonstrat
1335 891 1367 964 ².

339 1022 497 1118 Denique
509 1023 547 1093 in
564 1021 833 1096 Cassiodoriana
846 1019 1011 1112 formula,
1025 1021 1264 1096 Theodericus
1277 1045 1367 1109 rex,

344 1170 450 1244 quum
469 1146 678 1241 dignitatem
696 1145 868 1221 Praefecto
888 1147 1109 1221 commissam
1138 1148 1215 1221 vult
1242 1148 1371 1242 signi-

344 1273 462 1360 ficare,
483 1269 601 1344 verbis
615 1272 724 1346 utitur
749 1296 828 1369 quae
851 1296 989 1346 omnem
1009 1272 1148 1348 laudem
1170 1273 1365 1363 excedunt,

341 1397 527 1471 videlicet:
553 1399 697 1471 «Nemo
724 1398 873 1495 amplius
898 1399 989 1494 erigi
1014 1399 1154 1473 videtur
1178 1422 1283 1496 quam
1301 1399 1364 1471 eui

339 1527 450 1620 potuit
468 1527 581 1601 Roma
600 1524 768 1597 committi
778 1522 803 1597 ³.
823 1551 842 1595 ν

388 1651 459 1748 lpsi
485 1659 598 1755 poetae
628 1648 882 1724 Praefecturam
909 1649 1120 1724 carminibus
1150 1650 1364 1753 celebrave-

339 1787 432 1881 runt.
453 1776 615 1872 Exempli
627 1776 757 1870 gratia,
777 1800 857 1848 cum
877 1775 1053 1850 Ausonius
1066 1775 1110 1848 de
1126 1799 1164 1850 se
1180 1752 1356 1873 loquitur:

409 1944 522 2015 Quique
537 1948 626 2014 caput
642 1959 740 1997 rerum
754 1942 888 2009 Romam,
904 1944 1103 2016 populumque
1122 1949 1292 2016 patresque,

410 2031 536 2089 Tantum
555 2047 611 2086 non
625 2031 720 2103 primo
735 2033 813 2087 rexit
833 2034 887 2087 sub
904 2033 1032 2100 nomine,
1053 2033 1184 2104 quamvis

411 2120 469 2175 Par
481 2121 573 2177 fuerit
588 2121 693 2192 primis
709 2130 730 2176 ⁴.

388 2276 516 2348 Nonne
544 2283 615 2347 tam
641 2272 766 2350 merito
794 2276 838 2350 de
865 2274 1039 2351 Praefecto
1067 2277 1156 2352 Urbi
1185 2300 1290 2375 quam
1313 2277 1356 2350 de

341 2399 507 2490 Consule,
538 2400 607 2472 nisi
627 2424 707 2475 eum
735 2402 867 2503 duplici
897 2401 1117 2477 Praefectura
1135 2404 1356 2477 Praetoriana

340 2533 374 2597 et
390 2525 596 2617 Consulatu,
618 2526 715 2601 nulla
733 2538 849 2602 autem
863 2528 1084 2603 Praefectura
1099 2530 1231 2603 urbana
1248 2553 1357 2603 orna-

340 2659 414 2722 tum
433 2647 545 2725 fuisse
562 2662 691 2749 pateat,
714 2654 832 2728 dicere
856 2655 1025 2728 videturt

388 2777 476 2850 Item
504 2777 671 2852 Sidonius
698 2779 927 2876 Apollinaris,
960 2802 1066 2875 quum
1093 2780 1143 2853 ait
1170 2782 1207 2852 in
1233 2778 1356 2852 ultima

339 2901 490 2998 epistola
508 2902 665 2977 Firmino
687 2928 750 2977 suo
768 2931 775 2976 :

695 3056 799 3125 Accepi
814 3055 932 3126 cupiens
948 3056 1087 3110 honorem

516 3142 571 3205 Qui
588 3148 703 3213 patrum
721 3159 755 3196 ac
771 3142 865 3213 plebis
884 3143 972 3198 simul
987 3161 1064 3199 unus
1079 3145 1147 3198 olim

694 3231 770 3287 tura„
784 3234 928 3300 gubernat
942 3239 964 3292 5,

283 3442 285 3449 ·
370 3427 379 3462 ¹
396 3426 493 3486 dmm,
508 3425 526 3475 l.
540 3426 633 3487 XXVI,
648 3442 673 3478 c.
685 3441 722 3477 ιιι.
734 3429 825 3478 «luter
839 3441 957 3478 curarum
976 3429 1104 3493 praecipua
1114 3429 1206 3494 quibus
1218 3428 1273 3477 haec
1286 3443 1355 3493 prae-
1435 3456 1440 3465 -

282 3542 284 3546 -
339 3508 437 3557 sectura
447 3523 514 3571 saepe
527 3507 686 3559 sollicitatur.
702 3528 715 3554 s
732 3538 760 3547 -
772 3510 859 3568 loto,
874 3508 891 3558 l.
900 3510 1006 3565 XXVII.
1019 3525 1041 3560 c.
1056 3526 1092 3560 ιιι.
1107 3530 1120 3557 «
1132 3511 1195 3561 Haec
1207 3512 1273 3559 iu‘er
1282 3510 1355 3559 Prae-

339 3590 450 3635 textatus
461 3587 639 3650 praefecturam
648 3587 719 3637 urbis
729 3588 863 3638 sublimius
874 3604 993 3642 curans...
1013 3590 1120 3653 adeptus
1130 3596 1170 3639 est
1181 3589 1207 3638 id
1218 3588 1286 3653 quod
1297 3602 1356 3637 raro

339 3667 464 3731 contingit
474 3672 510 3727 ut,
526 3682 584 3717 cum
599 3669 740 3727 timeretur,
762 3685 876 3719 umorem
896 3687 946 3720 non
966 3670 1084 3736 perderet
1100 3670 1193 3719 civium
1213 3671 1297 3719 minus
1311 3669 1355 3718 fir-

340 3748 404 3798 mari
416 3748 519 3797 solitum
535 3762 599 3812 erga
608 3747 708 3812 judices
721 3749 880 3801 formidatos.
891 3771 905 3798 ν

370 3831 382 3867 2
398 3830 523 3890 Zosimus,
535 3829 552 3880 l.
567 3830 611 3889 IV,
625 3845 647 3879 c.
663 3843 727 3881 xnv.
742 3831 832 3882 ’Ataeo
844 3833 925 3898 τούτῳ
936 3833 978 3897 μὲν
992 3832 1019 3883 εὗ
1036 3834 1169 3896 διεγένετο,
1181 3834 1224 3890 τὰς
1238 3832 1355 3896 μεγίστας

340 3914 415 3979 ἀρχὰς
433 3913 538 3979 ἀνδράσι
554 3910 676 3969 τοιούτοις
687 3910 838 3972 εκδεδωκὼςς
854 3915 878 3963 οἱ
888 3915 931 3963 uod
946 3915 1015 3978 παρὰ
1032 3914 1077 3971 τὴν
1095 3917 1140 3962 τοῦ
1159 3911 1278 3974 βασίλεως
1292 3914 1354 3963 ἀπο-

339 3994 437 4057 δημίαν,
455 3995 487 4043 τὰ
501 3998 549 4042 τῶν
562 3993 677 4051 ὑπηκόων
691 3995 782 4059 ἄριστοι
794 3995 942 4052 δυνήσονται
957 3995 1084 4044 διαθεῖναι.

369 4073 381 4110 ³
397 4072 481 4131 Cass..
499 4071 575 4133 Vara,
588 4071 634 4130 Vl,
650 4073 672 4120 l.

369 4156 381 4192 ⁴
398 4154 536 4214 Ausonius,
550 4154 671 4211 Mosella,
685 4167 709 4201 v.
727 4152 843 4202 loa-ult.

368 4233 380 4271 ⁵
396 4234 518 4285 Sidonius
526 4231 691 4298 Apollinaris,
705 4234 794 4296 Epist.
809 4234 828 4283 I
829 4234 854 4282 Χ
855 4268 861 4290 ,
876 4232 915 4294 16,
930 4247 953 4281 ν.
970 4231 1051 4284 30-32.
