3128 5078
340 544 371 596 12
582 544 630 593 Du
652 543 933 597 PRAEFECTURA
953 546 1118 599 URBANA

339 682 512 758 Praefecto
532 684 621 758 Urbi
646 707 725 757 cum
751 686 932 780 Magistris
954 687 1109 761 Militum
1136 690 1351 765 tribuitur¹:

339 808 583 883 «Praefectum
600 811 704 903 Urbi,
721 809 936 886 Praefectum
954 815 1139 908 Praetorio,
1160 817 1352 912 Magistros

335 936 503 1035 Equitum
522 958 563 1008 ac
581 936 742 1010 Peditum
763 937 960 1011 indiscretae
981 939 1139 1012 ducimus
1155 940 1351 1039 dignitatis,

334 1086 445 1159 usque
464 1062 550 1135 adeo
565 1062 741 1152 videlicet,
756 1073 807 1153 ut,
823 1064 960 1137 eumad
974 1066 1149 1159 privatam
1169 1070 1353 1141 secesserit

334 1188 457 1282 vitam,
488 1212 569 1262 eum
594 1187 671 1260 loco
693 1189 845 1262 velimus
877 1213 954 1263 esse
979 1191 1148 1286 potiorem
1176 1164 1351 1288 qui‚„ahos

333 1314 561 1410 promotionis
576 1323 733 1411 tempore
747 1324 781 1389 et
790 1314 1039 1388 Codicillorum
1052 1318 1240 1414 adoptione
1254 1343 1351 1414 prae-

333 1439 529 1513 cesserit.»
553 1441 639 1524 Quae
658 1440 779 1512 eadem
804 1440 1002 1513 constitutio
1026 1441 1063 1513 in
1084 1442 1211 1515 Codice
1235 1444 1349 1518 Justi-

333 1564 437 1636 niano
460 1560 628 1658 legituri.
654 1552 760 1637 Hunc
786 1588 960 1636 summum
984 1563 1213 1639 Praefecturae
1238 1566 1351 1638 locum
1419 1593 1423 1597 ’

331 1689 416 1761 ordo
437 1690 593 1762 Notitiae
612 1688 814 1785 comprobat
841 1689 900 1762 ubi
927 1687 1121 1762 Praefectus
1141 1688 1230 1763 Urbi
1244 1692 1346 1762 Prae-

330 1813 420 1887 fecto
431 1815 606 1908 ¹Praetorio
621 1816 844 1911 postponitur
857 1825 940 1889 ante
958 1817 1051 1911 ipsos
1063 1815 1202 1907 Militiae
1214 1817 1349 1910 Magis·

329 1937 425 2013 tros3
440 1964 449 2030 ;
467 1961 629 2035 namque,
651 1942 680 2013 si
697 1937 770 2012 non
788 1965 879 2013 unus
897 1941 1058 2040 idemque
1077 1941 1345 2035 magistratuum

328 2064 485 2136 omniurn
513 2088 652 2159 semper
679 2050 767 2138 ordo
793 2064 875 2155 fuit,
897 2091 959 2162 per
981 2067 1215 2163 Imperatores
1234 2066 1345 2140 variis

327 2173 515 2286 aliquando
543 2182 792 2264 mutationibus
819 2192 1009 2282 obnoxius,
1039 2187 1255 2266 Praefectura
1286 2201 1344 2265 ta-

328 2298 407 2389 men
432 2304 580 2406 urbana,
598 2341 662 2413 per
686 2327 795 2391 toturn
810 2320 979 2392 saeculum
1000 2319 1339 2412 Constantinianum,
1430 2348 1434 2354 ·

327 2425 538 2515 altissimum
574 2444 740 2538 gradum,
774 2433 874 2518 aucta
910 2447 1024 2540 potius
1056 2464 1161 2542 quam
1190 2448 1337 2537 minuta,

326 2569 495 2642 servavit.
508 2570 619 2642 >Intra
638 2560 770 2643 Urbem
795 2560 929 2642 cunctis
949 2566 1202 2645 Praefecturam
1226 2566 1342 2666 praes-

325 2674 438 2767 titisse
456 2683 702 2788 dignitatibus
719 2704 866 2784 constat,
892 2720 998 2792 quum
1023 2719 1094 2767 non
1117 2695 1218 2768 modo
1245 2698 1342 2769 Con-

323 2803 513 2913 sularibus‚
548 2808 609 2894 sed
630 2806 735 2895 etiam
754 2820 965 2895 Consulibus
993 2830 1028 2893 et
1050 2818 1214 2894 Patriciis
1236 2824 1342 2896 Prae-

322 2924 451 3016 fectum
475 2943 564 3016 Urbi
596 2946 819 3019 Justinianus
837 2942 1001 3042 praeferri
1034 2945 1213 3018 voluerit4
1235 2972 1243 3018 :
1268 2950 1346 3021 imo·

320 3071 475 3142 omnium
483 3070 697 3164 dignitatum
706 3058 901 3144 Praefectus
910 3066 997 3144 Urbi
1008 3083 1130 3156 custos
1138 3083 1227 3164 erat,
1245 3074 1336 3171 quod

319 3195 516 3303 complures
547 3181 798 3292 docentleges
824 3198 901 3272 ideo
930 3188 1114 3271 Praefectis
1142 3199 1230 3272 Urbi
1257 3203 1337 3272 ins-

319 3321 450 3425 criptae.
472 3302 841 3418 Denique'Praefectus
861 3323 964 3413 Urbi,
995 3323 1145 3397 Senatus
1164 3333 1281 3420 caput,
1298 3325 1335 3396 in

323 3710 328 3719 .
349 3683 359 3719 ¹
379 3685 443 3734 Ocu.
460 3686 571 3739 Theou..
587 3683 631 3744 Vt,
643 3685 683 3734 tit.
696 3687 719 3742 7,
731 3684 749 3734 l.
766 3685 788 3734 1.

349 3765 361 3800 ²
379 3767 442 3816 cod.
455 3765 541 3822 Just,
552 3764 661 3837 X11‚tit.
674 3766 699 3834 4,
712 3765 730 3816 1.
747 3766 769 3821 1,

252 3880 253 3883 =
347 3844 359 3881 ³
375 3847 437 3898 Not.
455 3845 571 3907 Diqnit.
1251 3873 1254 3879 ·

346 3924 358 3961 ⁴
375 3925 439 3974 Cod.
451 3925 565 3981 Theoti..
578 3924 622 3987 VI,
632 3925 673 3975 tit.
689 3925 713 3983 6,
724 3926 876 3980 Paratitlou.
894 3954 922 3964 -
942 3929 1007 3979 (lod.
1026 3928 1112 3984 Just..
1123 3926 1144 3985 Ι,
1162 3926 1203 3976 tit.
1213 3925 1254 3986 28,
1271 3925 1289 3975 l.
1305 3925 1328 3977 3.

313 4007 392 4070 Impp.
407 4004 513 4064 Valens,
535 4005 606 4059 Crat.
621 4011 647 4057 et
664 4006 766 4057 Valent.¹
780 4008 847 4073 Aug.
864 4007 896 4057 ad
910 4008 1032 4058 Rufinum
1044 4007 1075 4056 P.
1090 4006 1124 4057 V.
1140 4024 1154 4052 a
1173 4005 1330 4077 Praefectura

314 4084 385 4134 urhis
404 4073 502 4135 cunctis
514 4100 571 4150 quae
584 4084 652 4136 intra
672 4086 761 4136 urbem
774 4077 841 4136 'sunt
855 4086 989 4137 antecellat
1002 4086 1169 4149 dignitatibus
1180 4091 1206 4136 et
1215 4090 1339 4152 potesta-.

313 4166 382 4216 tibus
397 4182 403 4215 ε
418 4172 518 4218 tantum
536 4184 567 4218 ex
590 4169 658 4219 omni
672 4173 744 4233 parte
756 4168 877 4221 derivatis
889 4173 1014 4234 quantum
1028 4169 1083 4220 sinc
1102 4168 1195 4234 injuria
1207 4185 1236 4220 ac
1248 4169 1328 4220 detri-

315 4250 401 4296 mento
412 4248 516 4299 honoris
530 4249 606 4299 alieni
619 4253 733 4313 usurpat.
749 4267 763 4294 »
1314 4249 1317 4254 “
