3128 5078
628 540 865 594 PROOEMIUM
1238 541 1253 590 5

235 694 350 759 tratus
359 685 575 778 judicarent,
598 690 702 779 atque
716 704 853 754 merum
870 683 1058 778 imperium
1080 705 1159 755 cum
1168 676 1252 777 jure

234 798 345 904 gladii
355 817 522 905 perpetuo
537 817 757 896 exercerent,
775 808 891 880 omnia
907 807 952 879 ad
961 809 1098 881 civilem
1110 828 1253 880 concor·

131 916 134 921 ’
233 936 343 1027 diam,
371 932 575 1007 felicitatem
606 955 797 1029 pacemque
829 932 1004 1028 publicam
1040 934 1253 1029 pertinentia

128 1155 134 1166 ι
234 1060 473 1149 moderamen,
505 1081 577 1130 non
603 1057 704 1130 modo
741 1060 779 1130 in
809 1058 906 1131 Urbe
933 1059 995 1130 sed
1020 1060 1125 1132 etiam
1150 1067 1251 1133 extra

228 1187 364 1260 Urbem
394 1186 490 1257 intra
528 1185 756 1257 centesimum
789 1184 1003 1274 milliarium,
1041 1185 1143 1282 quasi
1176 1184 1252 1259 sla

233 1314 346 1386 Roma
365 1320 474 1385 tantae
491 1310 655 1406 potestati
671 1333 741 1382 non
760 1307 950 1383 sufficeret.
1219 1295 1223 1301 ’

282 1436 380 1522 Talis
399 1433 474 1509 fere
493 1435 558 1509 sub
576 1435 726 1530 Augusti
743 1435 1014 1525 successoribus,
1031 1432 1115 1508 dum
1134 1439 1251 1511 omnia

232 1548 362 1659 saepius
378 1561 415 1632 in
432 1560 528 1633 Urbe
540 1560 771 1633 turbarentur
787 1582 828 1632 ac
837 1560 1081 1651 miscerentur,
1094 1559 1250 1635 Praefec-

232 1696 313 1760 tura
322 1685 457 1760 urbana
476 1686 683 1782 permansit,
697 1684 812 1781 qualis
828 1685 956 1782 abipso
970 1685 1130 1781 Augusto
1148 1709 1250 1760 cons-

232 1814 335 1885 tituta
344 1819 433 1899 erat,
446 1811 546 1883 varia
560 1809 774 1907 amplectens
791 1833 938 1883 munera
956 1834 1035 1908 quae
1052 1812 1130 1886 olim
1152 1814 1251 1886 Gon-

230 1928 361 2033 sulum,
376 1944 588 2032 Praetorum,
620 1945 829 2034 densorum,
860 1939 1035 2017 AEdilium
1061 1941 1205 2017 fuerant
1234 1968 1242 2013 :

207 2133 210 2140 .
229 2068 365 2142 scilicet
375 2069 437 2163 jus
454 2068 622 2143 Senatum
632 2068 786 2141 habendi
801 2077 835 2141 et
850 2068 1039 2142 Senatores
1047 2068 1244 2163 judicandi,

227 2204 416 2267 ‘servorum
442 2194 691 2267 coercitionem
708 2193 734 2284 ¹,
757 2195 903 2268 tutelam
931 2195 1156 2291 pupillorum,
1178 2218 1248 2267 an-

223 2344 343 2410 nonae,
380 2344 543 2410 morum,
591 2320 732 2412 aerarii,
769 2322 935 2411 viarum,
985 2320 1246 2393 aedificiciorum

118 2503 125 2517 .
227 2428 361 2538 curam,
390 2448 552 2519 ludorum
578 2456 683 2543 atque
709 2447 987 2544 spectaculorum
1008 2448 1241 2544 disciplinam.

226 2552 402 2670 Denique,
435 2574 578 2645 ineunte
607 2581 732 2669 quarto
757 2573 899 2661 saeculo,
924 2582 1002 2669 post
1024 2574 1244 2646 Constantini

226 2697 443 2795 triumphum
470 2706 504 2770 et
523 2688 673 2770 alteram
685 2698 834 2770 Romam
855 2699 894 2770 in
914 2694 1069 2772 Orientis
1090 2698 1245 2795 partibus

225 2824 409 2911 conditam,
432 2842 539 2921 quum
566 2822 801 2918 Imperatores
829 2846 912 2895 non
928 2822 1005 2917 jam
1023 2825 1161 2917 Romae,
1183 2828 1244 2899 sed

224 2949 540 3046 Constantinopoli,
560 2947 693 3041 Sirmii,
715 2948 906 3021 Mediolani
931 2973 993 3022 seu
1009 2949 1186 3038 Treviris,
1208 2950 1253 3043 in

222 3074 307 3170 ipsis
314 3074 452 3171 imperii
462 3073 600 3164 tinibus,
615 3074 660 3146 ad
676 3084 863 3172 perpetuas
873 3075 1110 3148 Barbarorum
1120 3074 1244 3149 incur-

222 3200 338 3273 siones
354 3197 495 3273 facilius
510 3200 743 3295 repellendas,
766 3211 1005 3291 morarentur,
1025 3199 1190 3275 Praefecti
1204 3205 1241 3275 in

220 3324 554 3398 UrbeaCaesaribus
570 3326 708 3399 deserta
729 3327 882 3423 primum
893 3337 1076 3424 coeperunt
1087 3328 1242 3404 obtinere

220 3434 335 3522 locum
366 3474 473 3546 quem
501 3475 611 3548 usque
629 3451 674 3525 ad
692 3452 836 3548 Imperii
850 3453 1086 3528 Occidentalis
1100 3456 1242 3529 ruinam

157 3668 160 3673 V
219 3576 452 3667 retinuerunt,
471 3575 552 3648 huic
571 3577 679 3650 etiarn
697 3580 811 3650 ruinae
830 3580 1035 3676 superstites
1051 3605 1116 3678 per
1133 3583 1241 3656 medii

219 3702 287 3773 aevi
329 3710 498 3796 tempora,
533 3703 598 3774 sub
626 3700 785 3776 barbaris
816 3703 960 3800 regibus
991 3727 1033 3777 ac
1071 3707 1239 3781 Romanis

218 3825 454 3921 pontificibus.

267 3952 420 4025 Cunctos
428 3951 658 4027 Praefecturae
666 3953 775 4030 fastos
783 3956 1151 4057 evolverevariasque
1160 3962 1238 4057 ejus

252 4237 261 4274 ¹
280 4236 354 4298 Tac,
365 4240 415 4289 loc.
429 4240 476 4289 cit.
