3128 5078
511 462 560 512 Db}
577 461 802 514 ELECTIONE
818 461 1037 513 PRAEFECTI
1250 462 1282 512 23
1328 452 1332 465 ’

263 605 314 675 ris
328 612 363 676 et
388 625 511 698 proco
529 601 645 707 gradu
663 600 702 672 in
725 623 793 696 quo
810 601 985 697 Principis
1004 600 1170 674 beneficio
1189 611 1280 676 esset

261 729 451 802 collocatus
469 727 642 823 Principis
662 726 785 799 laudes
803 725 1031 800 celebraret1.

310 853 479 938 Quamvis
503 860 619 925 autem¹
639 849 893 925 Praefectorum
917 850 1042 924 electio
1062 874 1083 925 a
1103 852 1177 924 solo
1201 851 1281 925 Au-

260 989 446 1073 gustorum
464 976 608 1051 arbitrio
629 976 812 1073 penderet,
833 976 921 1048 nulli
934 985 1063 1060 tamen,
1081 978 1150 1050 nisi
1164 976 1281 1051 Sena-

261 1105 341 1193 tori,
357 1100 576 1177 Praefectura
591 1101 739 1192 urbana,
762 1126 839 1198 quae
861 1111 1063 1175 senatorum
1081 1102 1162 1196 jura
1181 1112 1280 1176 tuta-

259 1229 362 1322 batur
392 1252 434 1302 ac
467 1236 648 1302 senatores
671 1228 852 1323 judicandi
883 1229 1091 1324 potestatem
1113 1227 1275 1320 habebat,

259 1355 383 1450 patuit,
396 1355 472 1449 ipso
485 1353 690 1427 Maecenatis
708 1355 850 1427 consilio
867 1354 927 1449 qui
938 1353 1005 1424 hoc
1017 1350 1171 1426 officium
1184 1353 1278 1426 inter

259 1469 410 1543 honores
444 1469 672 1542 Senatoribus
697 1470 961 1543 committendos
994 1477 1166 1558 recenset,
1193 1469 1277 1541 dum

258 1593 512 1669 Praefecturam
523 1596 693 1668 Praetorio
713 1594 887 1692 equitibus
905 1595 949 1667 ob
963 1595 1083 1667 nimiae
1096 1595 1276 1691 potestatis

258 1745 498 1818 novarumque
517 1745 637 1795 rerum
663 1721 858 1818 periculum
890 1720 1112 1794 tribuendam
1141 1729 1271 1817 putat:

258 1849 334 1928 Τούς
348 1848 402 1941 μὲν
416 1847 453 1924 dri
474 1848 630 1936 βουλευτὰς
643 1847 763 1918 raude
787 1848 838 1916 acri
861 1845 932 1918 odam
967 1845 1073 1916 διέπειν
1098 1849 1174 1945 φημὶ
1195 1852 1275 1944 χρῆ-

258 2001 306 2043 ναι
334 1971 361 2042 2.
405 1975 494 2064 lmo,
526 1974 556 2047 is
582 1976 693 2048 solum
724 1972 920 2047 Praefectus
946 1972 1029 2066 eligi
1049 1972 1190 2046 solebat
1218 1997 1276 2070 qur

258 2123 379 2173 omnes
404 2101 645 2193 magistratus,
671 2123 758 2196 quos
781 2101 859 2193 geri
876 2108 959 2173 ante
980 2099 1073 2171 hunc
1094 2098 1271 2185 convenit,

257 2219 418 2319 gesserat
449 2249 457 2296 t
486 2221 653 2320 Πολὶαρχος
679 2222 711 2293 δι’
725 2222 763 2299 δή
775 2252 817 2302 τις
841 2224 941 2299 ἐκτῶν
964 2222 1142 2321 upcuao'rtor
1166 2224 1217 2290 καὶ
1243 2223 1275 2290 ἐκ

256 2355 312 2420 τῶν
328 2349 424 2420 πάντα
444 2349 481 2419 τά
500 2348 663 2424 καθήκοντα
689 2348 982 2445 προπεπολιτευμένων
1008 2347 1221 2419 ἀποδεικνύσθω
1244 2347 1269 2416 ³.

257 2477 321 2563 Qui
339 2485 454 2549 autem
472 2473 605 2548 fuerint
623 2476 675 2547 illi
694 2476 845 2550 honores
862 2477 920 2549 vel
943 2476 1138 2571 dignitates
1157 2477 1274 2548 mino-

257 2625 315 2675 res
333 2601 457 2697 quibus
477 2601 630 2674 emensis
644 2600 689 2673 ad
707 2599 963 2674 Praefecturam
981 2601 1100 2675 aditus
1117 2609 1269 2696 pateret,

255 2729 331 2799 sive
351 2751 396 2800 ex
412 2726 606 2814 historicis,
626 2726 762 2802 sirenes
778 2725 953 2821 lapidibus
980 2735 1016 2800 et
1040 2733 1272 2804 monumentis

253 2852 411 2948 publicis,
442 2850 529 2924 satis
555 2850 777 2946 exploratum
802 2850 971 2924 habemus
983 2876 993 2942 ;
1020 2854 1148 2950 quippe
1167 2878 1280 2929 cons-⁴

255 2985 333 3048 tans
365 2976 553 3065 honorum,
592 2999 778 3065 munerum
809 2998 851 3048 ac
877 2976 1091 3070 dignitatum
1119 2980 1272 3054 seriesa

255 3100 380 3197 primis
411 3101 582 3175 Romanae
614 3100 831 3196 Reipublicae
871 3102 1083 3198 temporibus
1110 3103 1273 3179 instituta

257 3249 367 3322 usque
380 3226 425 3297 ad
443 3225 584 3298 ultimos
603 3225 746 3322 Imperii
764 3249 891 3317 annos,
913 3252 1037 3324 parum
1061 3236 1194 3321 mutato
1209 3254 1274 3302 or-

257 3350 350 3439 dine,
370 3352 597 3446 conspicitur3
615 3353 664 3424 ita
676 3361 714 3424 ut
728 3375 749 3424 a
763 3352 958 3445 Quaestura,
971 3355 1084 3450 primo
1099 3353 1272 3428 honorum

256 3476 369 3568 gradu
383 3484 418 3549 et
427 3477 603 3565 Praetura,
615 3475 685 3548 levi
697 3477 774 3571 jam
792 3500 938 3549 munere
950 3476 976 3568 ⁴,
990 3502 1053 3573 per
1067 3482 1273 3575 provincia-

287 3754 297 3788 ¹
314 3752 438 3805 Thamiai.
451 3755 520 3803 Orat.
537 3753 617 3804 XVII.

287 3834 299 3870 ²
315 3834 383 3892 Dio,
397 3833 414 3884 l.
431 3834 485 3892 LII,
499 3850 522 3886 c.
537 3848 615 3886 xxrn.

286 3913 298 3949 ³
315 3915 400 3974 leia,
413 3929 436 3966 o.
453 3928 501 3964 xxr

286 3996 298 4030 ⁴
315 3995 447 4054 Boethius,
469 3998 510 4045 De
522 3996 728 4055 Consolatione,
750 3995 766 4047 l.
780 3995 827 4055 Ill,
840 4011 862 4048 c.
878 4012 915 4049 rv.
932 3998 1080 4049 «Praetura
1096 4012 1191 4063 magna
1212 4001 1273 4050 olim

255 4080 378 4140 potestas,
402 4089 470 4125 nunc
486 4076 561 4126 inane
576 4092 668 4126 nomeu
689 4082 714 4127 et
728 4078 848 4128 senatorii
868 4079 965 4129 ordinis
986 4081 1072 4145 gravis
1093 4083 1230 4132 sarcina.»
1245 4108 1274 4120 -

256 4156 325 4217 Zos,
336 4155 354 4206 l.
373 4156 406 4217 ll,
416 4170 438 4209 c.
455 4171 573 4209 xxxvur.
590 4160 742 4225 Βουλόμενος
753 4160 780 4212 δὲ
796 4162 1003 4224 (Κωνσιαντῖνος)
1013 4164 1056 4214 καὶ
1069 4168 1121 4221 τοῖς
1132 4164 1157 4214 ἐν
1174 4165 1275 4229 λαμπρᾷ
