3128 5078
547 466 598 515 Db]
616 461 921 516 JURISDIGTIONE
1210 465 1240 513 4¹1

220 587 433 681 juscumqus
469 585 677 657 conditionis
713 583 886 676 litigatori
924 580 1034 653 libera
1070 583 1241 676 permissa

225 722 278 788 cst
291 711 318 799 ¹,
343 711 449 784 otiam
475 709 704 782 Senatoribus
724 708 883 805 quiante
904 730 925 780 a
948 703 1120 778 Praefecto
1139 705 1240 796 Urbi,

226 864 289 913 suo
303 836 462 911 Praesule
479 844 513 908 et
528 830 708 929 cognitore
725 835 882 932 proprio,
900 832 1078 930 appellare
1091 857 1161 905 non
1179 858 1244 930 po-

150 966 153 971 ’
227 972 343 1037 terant
362 960 388 1035 2.
409 963 510 1035 Tunc
525 963 617 1035 onim
636 985 657 1034 a
676 961 750 1034 solo
765 959 940 1034 Praefecto
960 958 1131 1032 Praetorio
1152 961 1244 1032 inter
1313 1003 1315 1009 ι

227 1112 349 1161 omncs
363 1089 439 1161 vice
456 1111 563 1160 sacra
578 1086 779 1181 judicantes
789 1107 984 1181 provocare
994 1108 1066 1156 non
1079 1083 1207 1157 licebat
1217 1082 1242 1173 ³,

229 1213 438 1311 quibusdam
447 1223 564 1285 tamen
581 1213 695 1285 causis
705 1212 861 1307 exceptis
871 1234 1021 1307 quarum
1036 1209 1248 1307 appellatio-

229 1365 293 1414 nes
312 1363 382 1412 non
401 1338 673 1435 recipiebantur,
691 1339 790 1412 volut
818 1340 857 1410 in
880 1338 1048 1410 momenti
1070 1334 1248 1409 roforma—
1294 1312 1299 1321 ¹

230 1469 323 1541 tione
343 1488 447 1563 quam
471 1464 700 1561 Symmachus
734 1464 939 1537 inusitatam
965 1462 1247 1559 provocationem

231 1600 335 1665 vocat
345 1589 376 1682 '⁴3
395 1600 429 1664 ct
439 1599 535 1662 certa
549 1590 710 1687 quaedam
727 1589 920 1662 solidorum
937 1610 1071 1660 summa
1087 1586 1249 1684 appella7

149 1732 151 1736 ‘
230 1715 308 1788 bilis
338 1715 479 1790 decreta
505 1725 558 1789 est
571 1713 596 1786 ⁵.
637 1715 724 1800 Quae
757 1712 1035 1810 appellationum
1056 1714 1144 1785 ratio
1171 1734 1248 1783 cum
1298 1735 1300 1739 ’

231 1843 351 1938 paucis
380 1840 630 1914 mutationibus
662 1863 773 1936 usque
802 1838 847 1910 ad
871 1839 1061 1912 «Iustiniani
1092 1846 1251 1935 tempora
1328 1908 1331 1913 .

232 1966 432 2063 praevaluit.

265 2273 355 2326 ¹God.
376 2277 488 2335 Thena,
508 2276 554 2337 XI,
576 2276 616 2325 tit.
630 2274 670 2335 30,
692 2274 711 2324 l.
731 2273 770 2326 23.
797 2275 876 2339 lmpp.
892 2272 1056 2324 Constantius
1077 2277 1103 2323 et
1126 2271 1254 2323 Constans

236 2351 270 2401 A.
286 2354 331 2415 A„
353 2354 386 2403 ad
402 2355 536 2405 Rusticum
549 2356 581 2404 P.
596 2355 628 2405 V.
657 2353 784 2404 «Dudum
809 2353 970 2403 meminimus
989 2353 1161 2403 sancientibus
1182 2351 1254 2401 nobis

235 2448 292 2482 csse
305 2434 443 2495 decretum,
455 2441 483 2485 ut
492 2436 558 2501 juris
572 2437 664 2485 veteris
676 2437 827 2486 auctoritato
846 2435 971 2494 submota,
997 2434 1082 2485 nullus
1093 2433 1255 2484 Clarissimus

235 2527 251 2560 a
263 2513 293 2562 P.
306 2513 337 2563 V.
349 2517 473 2565 sententia
486 2516 641 2581 provocandi
651 2521 785 2581 usurparet
794 2516 912 2566 licentius
921 2515 1081 2576 facultatem
1093 2514 1255 2564 sedcunctas

236 2592 309 2642 nobis
322 2601 409 2658 partes
419 2596 527 2660 publicae
535 2596 652 2646 utilitatis
660 2598 735 2660 atque
745 2597 886 2646 communis
889 2595 955 2659 juris
967 2595 1110 2645 volentibus
1120 2598 1254 2658 praestare,

237 2673 319 2723 visum
333 2681 373 2735 est
384 2681 412 2726 ut
426 2678 560 2731 vetustatis
575 2677 714 2726 auctoritas
728 2682 754 2726 et
771 2675 914 2741 appellandi
932 2676 1041 2727 facultas
1060 2681 1086 2727 et
1097 2676 1171 2740 origo
1184 2690 1256 2740 repo-

237 2757 342 2808 tatur.»
360 2785 387 2792 -
405 2758 489 2817 Ibid.‚
504 2758 550 2818 XI,
564 2758 602 2810 tit.
619 2756 658 2817 34,
675 2756 693 2806 l.
705 2756 729 2807 2.
1138 2774 1140 2780 ’

268 2834 280 2870 ²
297 2835 410 2897 Gothof„
429 2841 493 2890 Cod.
515 2840 627 2898 Theod„
642 2834 958 2896 xl,tit.30.'Paratit10n.

268 2914 280 2951 ³
299 2918 362 2966 Ood.
381 2919 494 2977 Thecd„
513 2918 559 2980 XI,
574 2919 614 2968 tit.
627 2917 668 2979 30,
682 2916 700 2968 l.
723 2918 762 2968 16.
774 2936 788 2964 α
850 2920 875 2968 Α
888 2916 1020 2967 Praefectis
1035 2921 1121 2968 autam
1132 2915 1256 2967 Praetorio

238 2995 281 3059 qui
294 2996 341 3045 soli
349 2998 403 3048 vica
418 3013 491 3048 sacra
501 3013 656 3064 cognoscere
671 3012 728 3047 vers
743 2998 842 3047 dicendi
857 3002 916 3048 sunt
928 2998 1061 3063 provocari
1075 2998 1255 3056 nonsinimus3

238 3090 270 3124 nc
280 3075 335 3141 jam
346 3084 435 3129 nostra
447 3079 561 3144 contingi
574 3078 702 3128 veneratio
714 3078 860 3129 videatur...
872 3098 886 3126 a

270 3159 281 3193 ⁴
298 3161 404 3222 symm,
421 3161 439 3210 1.
455 3161 489 3220 X,
504 3176 543 3225 sp.
557 3159 596 3210 41.
614 3188 643 3197 —
660 3160 744 3214 luia..
769 3175 809 3224 ep.
825 3159 856 3209 55
879 3186 906 3196 -
917 3159 981 3210 Cod.
999 3158 1255 3222 Just.,V11‚tit‚65‚

239 3235 352 3296 Quorum
366 3242 550 3306 adpellationes
565 3256 616 3290 non
633 3239 797 3304 recipiuntur.

271 3322 283 3358 ⁵
299 3317 435 3385 Hollweg.,
449 3338 473 3387 p.
484 3321 525 3381 63,
536 3327 589 3372 not.
602 3320 642 3375 32.
657 3348 685 3356 —
705 3319 822 3382 Gothos„
840 3320 873 3370 ad
883 3321 927 3370 lib.
942 3320 989 3379 Xl,
1000 3320 1038 3370 tit.
1056 3320 1096 3383 30,
1108 3321 1126 3371 1.
1148 3319 1187 3380 11,
1201 3319 1257 3370 aine

241 3417 341 3453 summa
354 3403 515 3468 appellabilis
527 3419 576 3454 von
589 3403 634 3452 100
644 3400 709 3452 soldi
723 3401 864 3452 bestimmt.
957 3421 961 3426 ·
