3128 5078
585 1533 793 1614 CAPUT
823 1534 861 1614 X

478 1741 522 1786 ΒΕ
543 1741 698 1785 VlCARIO
722 1741 832 1786 URBIS
859 1742 972 1787 ROMAE

267 1979 372 2053 Haud
385 1980 477 2054 inter
502 1978 616 2053 officia
631 1982 770 2051 minora
790 1979 855 2051 sub
884 1978 1109 2075 dispositione
1127 1982 1231 2052 Prae-

152 2198 155 2203 Α
218 2104 301 2178 fecti
326 2104 433 2177 Urbis
466 2106 581 2200 posita
603 2104 741 2177 censeri
761 2104 819 2177 vel
849 2100 977 2176 referri
1001 2102 1104 2177 debet
1121 2105 1234 2177 Vica-

219 2233 293 2305 rius
305 2230 413 2304 Urbis
431 2233 568 2323 Romae,
591 2231 642 2302 ita
659 2230 772 2302 dictus
794 2254 865 2302 non
880 2232 960 2327 quia
979 2231 1094 2304 vicem
1107 2230 1234 2325 agebat

121 2419 124 2425 .
219 2355 382 2430 Praefecti
422 2356 547 2428 urbani
585 2357 647 2429 sed
685 2355 768 2452 quia
801 2356 967 2429 Vicnrius
1005 2355 1234 2430 Praefecturae

218 2481 707 2555 Praetorianaesslustrissimae
723 2481 939 2554 ordinariam
955 2483 992 2553 in
1006 2482 1104 2554 Urbe
1114 2482 1233 2556 sedem

218 2606 368 2680 habebat
386 2605 410 2678 ¹.
442 2607 579 2704 Quippe
605 2606 683 2702 qui,
721 2615 759 2678 nt
792 2606 918 2703 reliqui
949 2607 1103 2696 Vicarii,
1125 2632 1235 2704 pecu-

160 2792 161 2795 ,
219 2733 343 2807 liorem
380 2740 611 2829 potestatem,
641 2731 951 2826 jurisdictionem,
982 2732 1234 2830 imperiumque

219 2860 263 2932 ab
281 2860 355 2956 ipso
366 2858 530 2953 Principe
549 2858 669 2930 datum
694 2867 876 2931 exerceret
892 2854 925 2947 2,
944 2882 1058 2954 neque
1091 2859 1236 2930 aPrae-

219 2984 309 3059 fecto
323 2983 426 3073 Urbi,
439 2982 622 3079 penderet,
632 2982 693 3057 sed
709 2982 775 3056 soli
790 2980 963 3055 Praefecto
980 2983 1154 3057 Praetorio
1171 3007 1234 3080 per

218 3112 336 3183 Italias
368 3108 601 3205 subjiceretur
627 3106 656 3197 ³,
683 3108 852 3205 cujusque
880 3133 943 3183 seu
972 3108 1079 3181 Urbis
1112 3110 1235 3182 Romen

219 3225 380 3309 dioecesis
399 3235 520 3308 decem
537 3233 752 3330 provinciae,
776 3233 1038 3330 Campaniam,
1065 3235 1236 3306 Tusciam

220 3373 255 3434 et
278 3361 482 3450 Umbriam,
510 3349 692 3434 Pic'eaam
710 3341 1023 3453 suburbicariam,
1047 3359 1233 3449 Siciliam,

220 3490 399 3584 Apuliam
426 3493 464 3582 ‘ct
496 3483 726 3576 Calabriam,
760 3486 926 3559 Bruttios
943 3496 979 3560 et
1007 3488 1232 3581 Lucaniam,

252 3742 261 3777 1
279 3739 414 3805 Hallweg.,
425 3738 469 3800 III,
484 3753 508 3802 p.
520 3739 559 3788 51.
576 3757 589 3784 α
599 3737 646 3787 Die
663 3736 778 3788 Diocaese
798 3737 872 3788 Italia
891 3738 960 3789 steht
980 3739 1047 3790 nach
1067 3740 1112 3791 der
1128 3741 1237 3795 Notitia

219 3827 293 3872 untcr
306 3822 371 3875 zwci
382 3819 650 3878 Vicarien,neh1nlich
661 3819 702 3869 die
714 3820 777 3868 zehn
790 3820 922 3870 sudliehen
936 3817 1079 3872 Provinzen
1091 3828 1165 3872 unter
1178 3822 1236 3872 dem

225 3904 366 3962 Vicarias,
381 3901 427 3951 der
440 3901 466 3950 in
480 3902 546 3950 Rom
565 3899 667 3949 residirt
684 3899 736 3949 und
754 3899 859 3950 deshaib
880 3902 1014 3952 Vicam'as
1033 3905 1067 3953 im
1085 3905 1155 3954 Urbe
1175 3903 1237 3953 oden

224 3985 305 4036 Urbis
318 3985 418 4034 Romae
437 3982 526 4042 heisst,
537 3980 589 4030 nnd
601 3981 667 4030 dem·
682 3981 815 4033 Vicarius
831 3983 928 4033 Italiae
948 3983 1006 4035 dem
1027 3999 1076 4032 nur
1093 3984 1133 4033 die
1150 3984 1236 4035 sichen
1344 4006 1347 4015 r

221 4063 371 4116 ndrdlichen
380 4063 520 4113 Provinzcn
530 4063 686 4127 untergebcn
699 4061 763 4113 sind.
782 4082 795 4109 »
1152 4078 1157 4085 ·

253 4146 264 4182 ²
280 4144 364 4203 Corn,
378 4146 514 4209 Prienp.
530 4159 619 4201 numu.
633 4143 770 4202 -Amm,
784 4146 851 4195 Ina.
865 4142 897 4192 ΙΙ.
909 4171 939 4180 -
950 4142 1035 4202 Cass„
1050 4144 1128 4202 Van,
1140 4144 1185 4205 VI,
1197 4147 1236 4196 15.

254 4228 265 4264 ³
281 4224 417 4286 Beck.,11‚
432 4241 457 4290 p.
468 4224 514 4275 426
524 4230 549 4275 ct
561 4240 631 4290 seqq.
650 4228 682 4289 (c.
693 4226 778 4287 xuni).
