3128 5078
317 510 350 560 ⁴0
551 508 599 558 DE
620 504 906 558 annucrunn
928 501 1095 556 URBANA

317 649 454 748 piendae
467 649 644 736 videntur,
667 669 762 738 nam,
774 654 912 740 praeter
925 643 1089 731 Tusciam
1108 643 1332 716 etUmbriam

311 787 352 857 in
371 781 503 855 notitiis
523 779 685 853 civilibus
704 761 738 853 et
757 778 999 877 ecclesiasticis
1014 800 1150 873 semper
1164 786 1332 871 tanquam

315 912 353 983 in
369 884 478 982 unam
494 890 710 1004 provinciam
733 892 958 1000 conjunctas¹
973 913 1007 977 et
1019 904 1188 978 Picenum
1202 902 1334 975 subur-

315 1036 497 1123 bicarium,
509 1032 655 1105 Valeria
667 1033 785 1122 etiam,
799 1031 1000 1127 Samniique
1013 1038 1131 1126 partes
1145 1037 1180 1102 el
1193 1028 1333 1121 Latium

315 1171 435 1259 postea
462 1160 665 1256 Campaniae
696 1159 808 1233 Felici
838 1182 997 1232 annexus
1024 1157 1171 1253 Lucique
1193 1156 1333 1227 nomine
1436 1243 1440 1248 .

316 1276 521 1381 designatus
537 1281 562 1375 ²,
586 1287 679 1358 intra
701 1286 929 1385 centesimum
951 1283 1152 1356 milliarium
1171 1264 1357 1377 compre?

316 1411 571 1485 hendebantur.

365 1537 558 1632 Urbicariae
569 1545 685 1635 autem
705 1537 870 1631 regiones
884 1561 1037 1634 vquarum
1052 1537 1166 1633 prima
1183 1559 1245 1609 seu
1265 1558 1336 1608 an-

317 1663 509 1759 tiquissima
522 1662 559 1734 in
573 1664 876 1736 constitutionibus
895 1662 1130 1758 imperatoriis
1144 1661 1209 1734 sub
1221 1661 1336 1735 Cons-

318 1789 440 1873 tantio,
460 1811 553 1860 anno
568 1789 710 1861 circiter
727 1789 813 1878 357,
831 1790 983 1860 occurrit
1006 1790 1148 1880 meirtio,
1178 1789 1245 1859 nisi
1257 1782 1335 1858 cum

319 1913 569 2002 suburbicariis
588 1914 725 1986 omnino
752 1912 1023 1994 confundantur.
1052 1938 1122 1986 non
1145 1922 1215 1986 tam
1234 1911 1336 2011 facile

320 2038 459 2111 definiri
495 2048 667 2135 possunt:
691 2039 817 2135 quippe
845 2063 924 2135 quae
960 2041 1131 2136 nusquam
1159 2039 1335 2135 speciatim

205 2216 210 2225 -
320 2165 382 2236 sed
392 2164 572 2238 indefinite
584 2188 722 2261 semper
737 2154 975 2255 nominentur,
990 2167 1040 2239 ila
1053 2173 1217 2240 tamennt
1234 2172 1337 2238 caete·

285 2277 288 2285 ’
321 2292 370 2364 ris
389 2290 503 2363 Italiae
518 2290 721 2383 regionibus
736 2289 986 2387 Africanisque
997 2292 1187 2387 provinciis
1197 2314 1237 2363 ac
1247 2290 1338 2362 Sici-

321 2407 381 2478 liae
401 2405 661 2502 opponantur³;
682 2407 773 2480 unde
797 2407 833 2480 fit
856 2431 915 2482 eas
943 2410 1106 2503 regiones
1144 2433 1214 2481 non
1243 2409 1337 2481 idem

322 2547 398 2597 esse
425 2521 530 2619 atque
552 2523 660 2595 Urbis
677 2524 802 2596 Romae
826 2527 1068 2615 auuouarias,
1086 2548 1165 2621 quae
1183 2523 1337 2599 Africam
1431 2602 1435 2615 ,

254 2658 257 2663 '
321 2649 644 2746 complecterentur,
662 2659 722 2723 aut
740 2651 956 2724 Vicariauas
968 2675 1045 2747 quae
1059 2650 1213 2724 Siciliam
1225 2654 1336 2748 ipsam

321 2775 665 2871 comprehenderent.
687 2778 799 2849 Porro
829 2777 1033 2872 neutiquam
1060 2776 1244 2849 urbicariae
1275 2800 1338 2848 re-

275 2895 280 2906 ’
321 2900 447 2993 giones
479 2900 744 2990 suburbicariis,
774 2902 845 2973 nisi
870 2926 974 2998 quum
1004 2903 1238 2976 Rationalem
1263 2904 1338 2977 Rei

321 3024 491 3097 Privatae
499 3050 573 3122 par
597 3027 731 3098 Urbem
751 3026 907 3099 Romam
927 3038 963 3099 et
978 3029 1253 3102 suburbicarias
1272 3054 1337 3101 re-

316 3151 442 3244 pioues
459 3173 500 3223 ac
511 3152 804 3225 Procuratorem
822 3153 893 3225 Rei
906 3154 1076 3227 Privatae
1089 3180 1163 3252 per
1181 3154 1339 3227 Urbica-
1369 3158 1372 3163 “

321 3276 400 3346 rias
428 3279 594 3370 repioues
618 3258 760 3381 Notitia*
783 3278 962 3372 designat,
987 3291 1207 3375 opponuntur
1224 3279 1251 3370 ⁴,
1275 3280 1342 3354 sed'

285 3417 289 3424 '
321 3399 459 3473 lantum
475 3402 691 3492 annonariis,
705 3411 744 3475 ut
757 3383 939 3476 Picenum
953 3382 1185 3478 urbicarium
1202 3407 1261 3479 uel
1271 3431 1337 3505 su-

322 3524 574 3599 burbr'aarium
594 3528 732 3601 Piceno
752 3532 971 3623 auuouario,
1000 3531 1131 3604 Tuscia
1144 3531 1336 3605 urbicaria

350 3839 359 3873 ¹
376 3837 463 3899 Rpssi,
482 3839 587 3889 Bullet.
606 3840 790 3905 ol'archeolop.
809 3845 919 3906 christ„
940 3843 1010 3906 1871,
1027 3849 1054 3894 n⁰
1066 3845 1091 3907 3,
1101 3844 1131 3910 p.
1142 3847 1182 3899 84,
1199 3874 1227 3883 -
1244 3847 1337 3899 Orell-

319 3915 410 3978 Henz.,
422 3923 449 3966 n·
459 3918 530 3970 5580.
550 3946 578 3955 -
595 3922 717 3971 Libellus
731 3925 957 3975 Prouinciarum
970 3925 1079 3977 Codicis
1094 3926 1277 3981 Veronensis·

334 3996 359 4068 ¹²
377 3998 441 4052 Cart.
462 4002 574 4062 Theod„
591 4002 637 4063 IX,
653 4003 691 4053 tit.
704 4004 744 4064 40,
755 4005 772 4055 l.
784 4004 824 4055 32.

302 4143 305 4150 A
349 4076 459 4140 Ucia,
475 4080 521 4142 IX,
539 4081 579 4133 tit.
597 4081 637 4143 30,
654 4082 671 4134 l.
689 4082 712 4134 3.
731 4111 760 4119 -
776 4085 822 4147 Xi,
840 4086 880 4137 tit.
902 4086 927 4147 2,
942 4086 960 4135 l.
973 4085 996 4137 3.
1007 4096 1043 4124 ’-
1059 4089 1104 4149 XI,
1119 4089 1158 4141 tit.
1180 4089 1250 4151 13,1.
1267 4090 1289 4142 1,
1304 4119 1329 4129 -

314 4157 359 4217 XI,
374 4157 414 4206 tit.
433 4158 472 4220 16,
487 4158 505 4210 1.
522 4160 545 4211 9.
564 4187 593 4198 -
610 4161 763 4224 x1‚tit.28‚
779 4164 797 4214 1.
814 4164 853 4214 11.
1177 4174 1179 4177 “

344 4237 357 4273 ⁴
374 4241 436 4292 Not.
455 4242 554 4303 Dium,
566 4243 599 4304 Il,
610 4258 634 4306 p.
650 4243 689 4292 53.
764 4262 768 4268 ’
