3128 5078
471 574 475 581 ·
587 543 833 597 ἸΡΒΟΠῦΜΙϋΜ
993 598 996 603 ,
1219 546 1237 598 9

219 685 435 781 emptionem
455 707 560 782 qnam
578 687 814 761 incommune
829 684 1016 758 ediderunt
1034 685 1234 780 Platnerus,

218 811 414 886 Urlichsins
428 810 573 908 aliique,
594 819 776 908 postquam
789 810 1061 905 diligentissime
1084 812 1234 884 Romam

219 937 498 1034 exploravissent
511 945 615 1034 atque
633 938 804 1010 immensa
818 935 977 1033 pristinae
989 935 1088 1008 urbis
1101 935 1229 1011 rudera

185 1116 188 1121 n
218 1064 276 1136 vel
293 1086 400 1160 supra
419 1062 478 1136 vel
488 1059 589 1169 infra·
599 1062 713 1136 solum
731 1060 905 1159 reperta¹.

265 1189 307 1263 In
346 1189 462 1262 Gallia
510 1197 630 1262 nostra
675 1197 792 1263 manet
838 1188 952 1263 adhuc
996 1212 1068 1261 non
1117 1189 1233 1262 solum
1277 1266 1280 1271 ,

216 1315 446 1411 inexhausta,
476 1315 667 1390 sedetiam
684 1316 747 1388 vin
765 1313 964 1413 praelibata,
996 1316 1067 1389 imo
1101 1316 1232 1390 intacta

216 1441 377 1532 materia,
399 1442 559 1538 quamvis
573 1442 713 1515 omnino
727 1441 775 1514 sit
793 1441 903 1536 digna
918 1464 1022 1538 quam
1041 1449 1234 1515 tractemus

215 1577 250 1642 et
269 1569 314 1640 ad
330 1592 395 1641 nos
413 1570 566 1642 maxime
586 1576 728 1665 spectet,
756 1566 1038 1664 quandoquidem
1059 1566 1230 1640 hodierna

215 1694 364 1767 Lutetiae
396 1691 615 1768 Praefectura
637 1693 682 1767 ab
709 1694 856 1791 antiqua
884 1693 945 1766 illa
974 1695 1134 1766 Romana
1159 1717 1230 1767 non

213 1820 320 1915 longe
351 1820 471 1909 distat,
497 1842 539 1893 ao
569 1817 737 1893 Praefecti
768 1821 895 1909 nostri,
925 1820 1043 1891 omnia
1067 1820 1104 1891 in
1130 1819 1228 1892 Urbe

214 1955 320 2043 atque
349 1945 459 2019 Urbis
490 1947 670 2020 territorio
694 1945 996 2035 administrantes
1024 1968 1103 2018 cum
1123 1945 1229 2016 Prae-

192 2048 198 2059 ¹
214 2068 314 2145 fectis
325 2071 497 2146 Romanis
506 2072 591 2167 jure
605 2070 761 2146 conferri
786 2079 944 2168 possunt.

261 2198 363 2270 Hanc
381 2220 522 2285 novam,
551 2206 589 2271 ut
608 2196 804 2284 ironicam,
827 2198 1023 2292 regionem,
1037 2205 1089 2269 tot
1103 2203 1137 2268 et
1152 2203 1231 2268 tan-

213 2324 259 2396 tis
285 2325 373 2397 viris
393 2324 553 2415 ducibus,
578 2323 806 2398 attentissime
825 2321 1061 2419 perlustrabo,
1084 2317 1169 2394 felix
1201 2320 1230 2392 si

212 2448 295 2544 quid
320 2473 449 2523 novum
467 2459 529 2523 aut
559 2450 598 2521 in
624 2447 939 2523 meliusmutatum
970 2468 1014 2519 ex
1035 2446 1102 2519 hac
1123 2467 1231 2542 pere-
1314 2518 1316 2523 .

210 2576 413 2670 grinatione
439 2584 625 2673 reportem.
658 2576 897 2672 Aperiendum
937 2575 1006 2648 erit
1035 2596 1114 2670 quae
1146 2582 1230 2645 tunc

210 2697 315 2774 fuerit
326 2699 554 2774 Praefecturae
572 2699 741 2794 dignitas,
758 2724 777 2773 e
801 2701 929 2797 quibus
948 2709 982 2773 et
1002 2722 1105 2794 aquo
1124 2698 1230 2769 Prae-

202 2824 291 2932 fecti
308 2827 390 2921 eligi
406 2826 500 2899 soliti
515 2827 599 2916 sint,
613 2849 718 2922 quam
727 2826 1024 2919 jurisdictionem,
1042 2832 1126 2920 quot
1145 2819 1230 2895 offi-

209 2954 262 3025 cia
280 2961 315 3025 et
333 2948 511 3027 Officiales
525 2950 589 3024 sub
601 2952 828 3048 dispositione
843 2974 907 3024 sua
920 2949 1121 3039 habuerint,
1139 2972 1227 3046 quas

209 3076 400 3149 relationes
436 3077 576 3150 mittere
609 3076 795 3150 debuerint
829 3076 873 3149 ad
909 3078 1105 3171 Angustos,
1141 3097 1227 3171 quas

207 3224 364 3275 annonas
380 3202 591 3298 acceperint,
612 3223 699 3298 quas
712 3203 862 3299 denique
886 3202 1056 3292 rationes,
1071 3202 1226 3299 deposito

208 3329 430 3424 magistratu,
452 3328 681 3402 reddiderint.
698 3330 817 3402 Pauca
833 3330 974 3402 tandem
992 3328 1036 3402 de
1051 3327 1225 3403 Praefecto

208 3453 590 3549 Constantinopolitano
616 3461 651 3526 et
678 3453 722 3527 de
743 3452 888 3526 Vicario
906 3453 1013 3525 Urbis
1030 3453 1227 3549 adjungere

208 3600 350 3652 necesse
372 3579 452 3668 erit,
468 3587 572 3675 atque
592 3587 666 3651 tum
684 3579 809 3652 ultima
827 3576 1056 3652 Praefecturae
1078 3581 1226 3675 vestigia

236 3919 247 3954 1
263 3919 479 3982 Beschreiburcp
491 3923 541 3969 dar
550 3920 710 3972 Stcdtltom
722 3933 778 3972 oon
795 3923 906 3972 Eruest
918 3923 1047 3983 Plataeae,
1064 3923 1130 3972 Cart
1139 3923 1224 3972 Bou·

205 4013 265 4057 sen,
284 4001 403 4050 Eduard
419 4000 559 4057 (tartara,
577 4001 640 4050 und
657 4001 778 4051 Withem
796 4001 900 4052 Rostetl
918 4003 971 4052 mu
987 4001 1146 4065 Beitrriqen
1166 4014 1222 4051 non

205 4078 239 4127 B.
258 4080 288 4130 G.
302 4081 432 4132 Niebuhr
445 4082 510 4130 und
524 4081 610 4130 einer
626 4084 847 4144 peopnoriscuen
862 4083 1067 4144 abhandlung.
1091 4080 1223 4131 Erlautert

204 4158 285 4208 durch
302 4157 392 4217 Plitne,
406 4159 523 4208 Aufrisse
535 4159 586 4209 und
600 4160 752 4217 Ansichten.
763 4163 891 4224 Stnttgurt
902 4161 954 4211 und
967 4162 1111 4227 Tubingen,
1136 4162 1161 4210 in
1176 4161 1222 4211 der

205 4237 377 4298 Cotto'sohen,
388 4238 603 4303 Buchhandlung,
617 4240 765 4293 laea-1842.
