3128 5078
358 568 389 617 68
592 564 642 615 bn
663 563 950 616 PRAEFEGTURA
973 563 1140 614 URBANA

360 695 487 767 urbani
504 693 696 767 Praefectus
713 717 862 767 annonae
882 720 901 763 u
918 695 1028 768 mixta
1046 693 1310 788 glorificatione,
1342 701 1384 764 ut

360 821 411 894 ait
437 820 690 910 Theodericus,
722 820 975 893 conscendebat
992 818 1017 909 ¹,
1035 819 1155 916 illique
1177 820 1214 907 in
1237 828 1381 915 specta-

358 946 447 1019 culis
469 945 775 1040 conjunctissimus
795 944 1052 1017 inveniebatur.
1077 973 1095 1014 »

408 1072 589 1168 Propriam
618 1094 755 1167 quoque
785 1094 825 1143 ac
848 1070 1060 1166 peculiarem
1092 1070 1380 1165 jurisdictionem

362 1197 556 1272 Praeiectus
592 1220 742 1269 annonae
774 1196 959 1270 exercebat
971 1221 980 1287 ;
1018 1197 1111 1270 unde
1147 1196 1381 1270 annonarios

357 1325 523 1419 copuitcr
542 1324 739 1418 nuncupari
761 1319 885 1395 solet2.
913 1323 1048 1418 Quippe
1071 1324 1189 1419 quiin
1215 1322 1380 1395 omnibus

358 1450 519 1523 civilibus
538 1450 652 1522 causis
674 1450 720 1522 ad
741 1449 1025 1543 negotiationem,
1047 1448 1255 1522 venditionis
1272 1458 1381 1545 atque

358 1577 543 1672 emptionis
561 1575 664 1648 fidem
678 1575 933 1671 pertinentibus
950 1574 1170 1671 judicaret33
1192 1577 1277 1680 item
1294 1577 1380 1671 pis-

358 1713 479 1776 torum
512 1702 810 1791 catabolensicoc,
843 1705 1069 1787 sicariorum,
1094 1703 1375 1796 pecuariorum,

358 1828 672 1916 camerariorum,
692 1826 1023 1914 naviculariorum,
1043 1826 1262 1921 aliorumque
1277 1827 1379 1921 ejus-

358 1954 450 2026 modi
479 1961 757 2048 corporatorum,
787 1952 893 2023 etiam
921 1952 959 2023 in
989 1950 1230 2024 criminalibus
1258 1952 1376 2023 causis

357 2101 532 2151 annonam
543 2077 753 2149 vexantibus
770 2078 972 2149 ordinarius
982 2086 1072 2151 esset
1084 2078 1194 2172 judex
1204 2075 1230 2167 ⁴,
1243 2101 1376 2173 excep-

359 2205 402 2277 tis
418 2203 530 2275 tribus
538 2203 663 2298 primis
676 2203 847 2299 cujusque
862 2204 1018 2298 corporis
1034 2203 1190 2298 patronis
1206 2201 1374 2277 Praefecti

359 2329 484 2401 urbani
497 2328 733 2423 jurisdictioni
750 2329 866 2423 specie
881 2329 1031 2424 quadam
1057 2326 1126 2401 iori
1147 2330 1375 2424 competentis

359 2454 578 2550 privilegiati
593 2453 771 2525 attributis
781 2452 812 2546 ⁵3
829 2455 974 2550 ideoque
987 2454 1120 2550 lapides
1134 2478 1204 2526 non
1214 2479 1283 2528 uno
1298 2456 1373 2527 loco

358 2580 402 2652 de
414 2581 604 2673 Praefecto
618 2579 787 2651 Acuocoe
802 2579 912 2651 Urbis
926 2580 1054 2653 Sacrae
1063 2583 1242 2676 cumjure
1252 2583 1375 2675 plauit

359 2702 566 2778 testanturss.
604 2705 645 2775 ln
676 2706 884 2800 quibusdam
918 2706 1023 2778 etiam
1053 2708 1186 2797 causis,
1221 2707 1370 2802 exempli

345 2834 472 2924 gratia
491 2832 526 2902 in
542 2831 804 2925 cognitionibus
822 2855 926 2927 super
941 2829 1138 2925 naufragiis
1153 2832 1211 2906 vel
1227 2833 1371 2905 rationi-

355 2955 418 3027 bus
433 2957 476 3028 ab
490 2945 699 3027 horreorum
718 2956 938 3029 mensoribus
958 2957 1157 3050 exigendis
1179 2957 1371 3032 Praefectus

356 3103 507 3153 annonae
535 3103 614 3151 cum
632 3081 774 3152 Vicario
800 3081 908 3153 Urbis
932 3082 1035 3154 fidem
1054 3089 1237 3176 gestarum
1256 3109 1371 3157 rerum

357 3206 531 3280 communi
557 3206 770 3301 judicatione
788 3207 955 3302 probabat
972 3205 997 3293 ⁷,
1021 3216 1125 3302 atque
1145 3209 1322 3283 interdum
1335 3213 1371 3283 in

387 3548 395 3583 ¹
417 3548 499 3607 cass,
522 3549 708 3612 var.,V1‚18.

387 3624 399 3659 ²
416 3625 508 3689 Book„
524 3628 556 3688 ΙΙ,
571 3644 596 3693 ρ,
612 3630 656 3679 179
670 3634 696 3679 et
711 3643 781 3694 seqq.

387 3705 399 3741 ³
417 3708 542 3766 Handb„
558 3710 601 3771 111,
614 3710 639 3771 2,
650 3727 674 3775 p.
686 3709 738 3761 107.
752 3729 766 3756 s
775 3710 811 3758 Er
825 3709 895 3759 batte
907 3710 963 3758 eine
973 3707 1146 3769 semstenuige
1156 3702 1373 3756 Gericbtsbarkeit

357 3786 458 3840 sowohl
478 3789 504 3838 in
525 3788 574 3838 den
597 3805 643 3840 aus
667 3791 713 3840 der
730 3789 941 3840 Getreidezusuhr
958 3787 1141 3838 entstebenden
1162 3785 1371 3850 civitprocesseu

357 3868 395 3918 als
421 3870 487 3918 auch
512 3869 538 3918 in
562 3869 610 3919 den
633 3871 714 3920 durch
732 3871 913 3921 Deiraudation
936 3871 997 3920 oder
1010 3868 1130 3919 Wucben
1151 3867 1386 3931 berbeiget'ubrten'

358 3950 624 4015 Criminalprocessen.
640 3972 653 3998 »

389 4033 401 4068 ⁴
419 4035 482 4083 Cod.
500 4035 611 4092 Theod„
625 4033 667 4090 ΙἸ,
683 4032 723 4087 tit.
743 4032 765 4091 1,
779 4032 796 4082 1.
814 4032 836 4087 1.

388 4112 400 4148 5
416 4115 501 4175 leid,
514 4115 582 4174 XIV,
595 4115 635 4164 tit.
650 4114 675 4172 4,
690 4112 707 4164 1.
726 4115 749 4164 9.

388 4193 400 4226 ‘³
415 4193 599 4252 oieb-Henn,
616 4201 650 4243 n⁰¹
664 4194 734 4255 1091,
747 4195 817 4254 3169,
833 4194 904 4245 3191.

389 4273 400 4308 7
418 4276 481 4325 God.
501 4278 613 4334 Theod,
629 4275 698 4337 xlu,
711 4275 750 4325 tit.
766 4275 790 4335 9,
805 4274 841 4324 De
854 4273 1003 4338 naufragiis,
1018 4273 1068 4322 15.
1089 4298 1106 4309 ·-
1126 4273 1189 4323 Cors
1202 4308 1208 4332 ‚
1221 4288 1245 4337 p.
1260 4286 1324 4321 xnv.
