3128 5078
601 563 803 616 EPILOGUS
1167 569 1213 618 105

194 684 317 757 ritibus
337 684 498 756 omnibus
507 708 548 757 ac
557 684 770 757 caerimoniis
785 684 951 779 expositis
966 684 1093 780 quibus
1107 687 1212 757 Prae-

196 808 309 883 fectus
317 812 354 882 in
366 812 475 883 sacris
483 808 712 907 profanisque
726 810 950 883 concessibus
965 812 1089 883 Rornae
1099 811 1215 884 hono-

197 937 270 1008 rari
303 918 532 1010 consueverat
572 935 596 1008 ¹.
631 936 775 1008 Nullam
808 960 953 1032 prorsus
982 938 1253 1011 recentiorem'

199 1060 449 1134 Praeseotorurn
475 1063 689 1149 mentionem
717 1086 783 1156 ego
821 1063 961 1158 quidem
989 1065 1126 1158 reperi,
1146 1062 1215 1134 nisi

200 1191 237 1260 in
260 1190 317 1261 via
346 1191 506 1263 Romana
532 1188 636 1260 hodie
653 1190 759 1261 etiam
777 1189 832 1260 De
854 1189 1053 1283 Praefectis
1074 1185 1088 1228 2
1107 1188 1211 1275 dicta,

199 1338 313 1411 neque
327 1312 506 1387 affirmare
528 1315 637 1389 ausim
662 1315 800 1411 quando
835 1316 946 1411 ipsum
975 1339 1101 1389 nornen
1133 1340 1210 1387 curn

199 1439 377 1513 umbratili
396 1440 569 1534 dignitate
580 1442 774 1530 evanuerit,
795 1440 899 1512 annis
912 1438 1211 1537 duobusprofecto

199 1565 351 1638 millibus
375 1574 410 1639 et
430 1566 700 1662 quadringentis
718 1567 865 1661 aprima
891 1567 1038 1653 urbanae¹
1053 1565 1218 1640 Praefec-
1240 1569 1244 1577 ’

198 1702 288 1763 turae
306 1694 445 1786 origine
462 1716 573 1789 usque
591 1693 635 1764 ad
654 1691 816 1763 ultimum
831 1692 907 1786 ejus
927 1693 1031 1764 finem
1045 1692 1186 1788 elapsis

245 1817 466 1892 Praefectura
476 1817 860 1912 Constantinopolitana
873 1841 936 1914 per
945 1843 1048 1891 omne
1063 1818 1213 1891 medium

197 1968 313 2016 aevum
346 1946 600 2040 perseveravit,
622 1952 709 2018 teste
735 1943 797 2016 illo
829 1943 1012 2017 Philotheo
1043 1944 1214 2041 imperiali

197 2071 473 2167 protospathario
491 2070 585 2166 apud
599 2070 864 2143 Constantinum
877 2069 1214 2167 Porphyrogeneten

198 2189 278 2283 qui,
300 2189 444 2261 ineunte
462 2189 594 2262 decimo
619 2187 762 2276 saeculo,
784 2210 861 2260 earn
874 2196 1033 2260 recenset
1044 2189 1136 2261 inter
1154 2212 1213 2261 eas

198 2314 260 2386 LX
273 2315 462 2409 dignitates
480 2338 557 2412 quae
577 2314 649 2386 solo
666 2314 892 2409 Imperatoris
912 2313 1022 2385 edicto
1041 2313 1213 2387 dabantur

198 2449 303 2535 atque
318 2440 562 2513 adimebantur
577 2437 1028 2534 ³‚fi11emquecertehabuit
1046 2463 1115 2512 una
1130 2463 1210 2511 cum

189 2566 357 2641 'Romano
383 2569 530 2663 irnperio
562 2565 744 2656 Orientali,
779 2564 874 2637 Urbe
904 2564 1150 2639 aMahumete
1182 2566 1212 2636 11

198 2693 393 2791 Turcisque
412 2692 576 2766 barbaris
597 2702 696 2786 capta
719 2701 753 2763 et
779 2690 927 2786 direpta.

229 2953 239 2987 1
297 2956 301 2965 .

229 3033 241 3067 2
256 2955 375 3098 (111ἒῖ00,
391 3032 436 3091 Vi,
446 3048 471 3096 p.
488 3032 544 3091 709,
556 3037 616 3081 uota
630 3031 642 3080 1
697 3031 774 3083 Via...
787 3034 823 3082 De
833 3031 967 3082 Praesentis
980 3031 1054 3091 (noch
1063 3031 1158 3091 haute).

229 3112 240 3147 ³
257 3111 346 3171 Book„
367 3113 386 3170 1,
404 3128 429 3176 p.
454 3109 506 3160 176.
523 3139 549 3146 -
564 3110 695 3162 Constant.
711 3111 846 3175 Porphyr.‚
864 3115 905 3163 De
918 3113 1027 3164 coerim.
1038 3114 1095 3165 aut.
1108 3111 1213 3176 Hyan,

199 3195 230 3253 11,
243 3193 282 3242 52.

362 4273 492 4311 nunnoni.
520 4288 539 4294 -·
557 4274 591 4308 nx
605 4273 684 4311 ursus
701 4273 806 4318 rinnau,
825 4273 872 4308 vni
887 4272 997 4317 unuani,
1017 4261 1040 4308 1.
