3128 5078
524 527 572 577 Db}
603 525 921 580 JURISDIGTIONE
1200 529 1232 581 89

216 663 281 734 ties
292 672 329 736 ct
340 663 563 751 Lucaniam,
580 662 811 751 Sardiniam,
827 661 1029 756 Corsicam,
1048 663 1233 737 Siciliam-

211 811 282 875 ,quc
300 789 431 884 ipsum,
452 812 562 884 usque
582 787 627 860 ad
646 789 805 860 Macram
824 811 962 861 amnem
985 797 1019 862 et
1036 791 1149 862 AEsim
1165 789 1232 860 flu·

215 912 325 1001 vium,
338 912 420 985 dum
434 913 546 985 ltaliae
565 913 757 1009 superioris
771 913 979 1009 provinciae‚
997 916 1139 1010 proprie
1148 916 1232 988 Itu-

215 1040 266 1111 lic
277 1038 391 1148 dictae,
408 1038 467 1113 vel
481 1041 712 1123 coronarier,
724 1040 760 1111 id
773 1048 839 1131 est,
862 1040 1007 1113 Venetia
1020 1051 1057 1112 et
1068 1041 1229 1131 Histria,

218 1164 384 1250 ,emilia
397 1164 571 1259 Liparic,
597 1165 786 1237 Flaminia
805 1175 842 1237 et
858 1165 1038 1239 Picenum
1060 1190 1230 1238 concuc-

215 1289 327 1382 rium,
341 1290 455 1385 Alpes
469 1288 614 1382 Celtice,
632 1290 778 1362 Rueuioe
787 1293 916 1387 prium
928 1299 965 1363 et
976 1292 1150 1379 secunda,
1163 1290 1232 1362 Vi-

214 1414 309 1487 cario
328 1415 442 1488 ltaliae
463 1415 734 1510 subjicerentur,
756 1425 904 1513 utraque
918 1417 1060 1490 diocaesi
1074 1416 1139 1489 sub
1153 1417 1232 1490 dis-

214 1541 388 1637 positione
406 1539 571 1614 Praefecti
593 1542 763 1614 Praetorio
780 1542 889 1614 ltaliae
909 1540 1055 1638 posita¹.

264 1666 530 1738 suburbicarias
558 1667 697 1763 quidem
728 1667 891 1761 regiones
922 1668 979 1740 vel
1011 1668 1232 1744 suburbanas

215 1816 274 1867 eas
297 1790 408 1865 fuisse
438 1792 698 1887 provinciarum
723 1793 872 1865 Romam
906 1794 1231 1889 circumjacentium

214 1928 332 2016 partes
352 1919 448 1991 intra
466 1917 697 1991 centesimum
724 1917 938 2007 milliarium,
960 1928 1102 2015 propter
1119 1919 1232 2016 ipsam

214 2045 319 2118 Urbis
347 2045 560 2117 vicinitatem
579 2045 630 2116 ita
657 2044 920 2137 cognominatas
947 2054 983 2119 et
1004 2046 1050 2118 ad
1061 2045 1233 2140 jurisdio-

216 2173 347 2245 tiouem
364 2170 531 2245 Praefecti
549 2168 637 2246 Urbi
663 2159 880 2264 pertinentes
901 2170 1030 2265 liquido
1056 2175 1228 2267 apparet:

215 2322 292 2394 quae
323 2298 438 2394 opinio
465 2298 568 2370 etiam
601 2295 947 2367 suburbicariarum
976 2295 1232 2368 Ecclesicrum

214 2423 445 2521 appellatione
465 2421 621 2495 adhunc
651 2420 752 2494 diem
771 2430 911 2492 servata
942 2398 1227 2517 comprobatur22

103 2570 108 2577 “
215 2575 293 2646 quae
313 2548 484 2623 Ecclesiae
498 2547 566 2639 sub
584 2546 816 2620 Lateranensi
832 2545 1076 2640 jurisdictione
1093 2547 1229 2642 positae,

68 2680 71 2685 ’
160 2732 162 2735 -
214 2687 415 2774 septemque
434 2697 590 2766 numero,
613 2671 773 2745 videlicet
795 2671 975 2760 Ostiensis,
1001 2672 1230 2765 Portucnsis,

214 2805 324 2879 Silooe
337 2801 518 2877 Caudidce
528 2799 583 2871 uel
589 2796 1233 2893 suuctoeRufiuoe‚Subiueusi3,Prcc·

110 2958 113 2963 ⁴
215 2931 369 3021 aestiuo,
387 2927 596 3000 Tusculano
610 2924 831 3012 etAlbuuc,
860 2945 982 2995 omnes
995 2923 1137 2994 omnino
1150 2946 1233 2995 ceu-

215 3055 337 3129 tesimo
359 3052 402 3125 ab
425 3049 523 3124 Urbe
540 3048 657 3144 lapide
678 3047 900 3121 continentur
915 3044 940 3117 ³.
964 3046 1051 3131 Quae
1068 3046 1234 3119 suburbi-

194 3180 322 3254 'cariae
357 3177 523 3272 regiones
558 3199 623 3271 pro
657 3181 808 3269 quatuor
826 3170 1044 3265 regionibus,
1069 3172 1234 3267 equibus

215 3307 346 3381 calcem
357 3305 460 3378 calcis
474 3310 630 3374 coctores
646 3300 794 3372 Romam
815 3296 1001 3386 vehebant,
1014 3295 1112 3368 nullo
1133 3297 1233 3369 modo

216 3443 255 3505 ut
271 3428 508 3505 Gothoiredus
522 3434 556 3498 et
572 3424 761 3498 Bbckinius
783 3421 1079 3496 existimaverunt
1091 3420 1118 3510 ⁴,
1138 3424 1235 3494 acci-

248 3659 257 3694 ,
387 3659 392 3670 .
442 3657 447 3670 .

247 3738 259 3773 2
275 3658 527 3802 ililrflqilbory
543 3735 629 3795 osche
644 3732 707 3795 City
724 3733 862 3792 ochma
879 3712 1088 3779 instructuras
1104 3728 1166 3780 and
1176 3740 1236 3777 mo

216 3824 353 3871 tramenta
368 3817 492 3879 frcmits
509 3813 685 3876 foundation
702 3816 729 3861 to
746 3812 792 3860 the
807 3810 914 3859 middle
929 3822 1003 3871 aues.
1020 3807 1136 3869 bomon,
1151 3806 1236 3868 Long-

216 3923 316 3969 mauns‚
329 3906 414 3957 Green
428 3901 613 3955 auricomos.
627 3902 694 3952 Sect.
708 3914 736 3951 v.
747 3915 771 3964 p.
788 3898 832 3947 331
838 3923 848 3951 .·

247 3998 260 4034 ³
276 3996 394 4061 Gregor,
408 3996 429 4056 1,
446 4010 471 4058 p.
485 3993 540 4044 271.
561 4020 590 4029 -
605 3991 803 4042 Itinerarium
819 3988 978 4051 Antonini,
995 3986 1062 4036 edid.
1078 3984 1234 4049 wesseling,

218 4078 282 4131 in-u.
298 4072 576 4136 Amstelodami‚1735.

247 4160 260 4196 ⁴
276 4159 331 4209 Cod
360 4160 471 4218 luced„
487 4155 560 4215 XIV,
575 4153 615 4202 tit.
631 4151 654 4212 6,
670 4151 708 4200 De
722 4148 800 4200 calcis
813 4147 966 4209 coctoribus,
981 4147 998 4197 l.
1013 4146 1035 4200 l.
1054 4175 1085 4184 -
1100 4144 1191 4206 Book,
1202 4146 1234 4205 ΙΙ,

216 4255 240 4307 p.
259 4239 312 4292 173.
