3128 5078
492 1604 494 1607 ’
546 1631 758 1714 curun
792 1634 952 1713 vim·

356 1901 399 1945 DE
412 1901 632 1955 unuloulssus
644 1907 663 1946 A
686 1902 885 1946 PRAEFECTO
900 1880 1103 1955 RPDDBNDH

270 2185 401 2259 Omnes
418 2185 567 2257 Romani
594 2184 652 2281 qui
673 2176 920 2279 magistratum
933 2187 1090 2283 aliquem
1108 2210 1236 2280 gesse-

219 2320 313 2400 rant,
333 2310 487 2405 exceptis
503 2319 640 2382 tantum
657 2310 904 2401 Dictatoribus,
927 2312 1006 2408 ἀρχή
1026 2311 1228 2399 ἀνυπεύθυνος,

217 2447 255 2511 ut
272 2460 428 2533 graecum
436 2434 646 2508 vocabulum
661 2420 729 2532 quo
746 2435 880 2509 latinus
897 2447 977 2532 eget
1001 2463 1115 2512 sermo
1131 2462 1234 2511 usur-

33 2539 36 2545 *
138 2628 141 2633 ,
203 2578 350 2662 'pemus‚
371 2561 523 2634 rationes
537 2561 692 2658 deposito
712 2563 921 2656 magistratu
950 2565 1160 2659 reddebant3
1182 2569 1231 2640 it'a

215 2691 332 2766 tamen
343 2688 381 2751 ut
394 2695 463 2775 'par
482 2677 641 2773 majorve
655 2679 808 2783 potestas
825 2678 868 2751 de
884 2679 929 2751 iis
946 2682 1060 2754 causis
1075 2684 1229 2777 cognus-

215 2805 334 2882 ceret¹
358 2834 366 2879 ε
389 2808 482 2880 unde
501 2815 551 2880 tot
560 2806 706 2880 erimina
715 2806 904 2904 peculatus
910 2808 1114 2906 judiciaque
1128 2815 1229 2906 repe'-
1290 2813 1294 2821 '

204 2930 400 3009 vtundarum
423 2957 541 3042 rerum
559 2933 649 3028 apud
679 2934 865 3030 scriptores
882 2935 1062 3012 Romanos
1081 2937 1226 3009 inveni·
1325 2956 1329 2964 ·
1390 2916 1394 2924 ’

212 3058 299 3133 ωυεζ
321 3061 503 3155 Deinceps,
522 3067 706 3156 postquam
723 3042 837 3133 libera
851 3049 1050 3158 respublica
1069 3061 1109 3134 in
1125 3062 1228 3157 prin·

212 3186 360 3283 cipetum
375 3183 575 3275 deolinarit,
598 3183 709 3257 solus.
727 3186 897 3282 Princeps
913 3187 966 3281 cuj
973 3202 1014 3260 us·
1038 3188 1226 3284 imperium

164 3396 168 3402 ,
211 3311 521 3410 Ρθηῑοῑᾶωνίῐωη
541 3311 797 3407 prorogabatur
821 3310 1008 3393 ἀνυπεύθυνος
1028 3310 1113 3411 fuit3
1136 3294 1225 3388 reli-

211 3440 271 3536 qui
290 3414 375 3511 vero
394 3420 621 3531 magistratus
640 3414 1039 3536 rationesreterirnore
1058 3437 1225 3511 reddide-

213 3574 318 3637 runt:
342 3564 437 3635 inter
470 3587 556 3658 quos
576 3586 660 3637 sane
695 3564 905 3637 numerandi
942 3572 1024 3636 sunt
1058 3560 1224 3637 Praefecti

210 3691 319 3779 Urbi,
354 3713 375 3762 a
406 3688 569 3785 Principe
596 3688 697 3763 electi
727 3699 760 3762 et
793 3698 869 3786 post
902 3712 1057 3762 annuum
1082 3688 1224 3760 aliudve

211 3818 378 3914 temporis
402 3815 554 3911 spatium
570 3816 721 3885 mutati:
744 3817 817 3911 qui,
851 3839 958 3911 quum
977 3813 1131 3909 insignia
1149 3836 1224 3911 ma-

209 3944 380 4038 gistratus
411 3940 675 4039 deposuissent,
708 3940 753 4012 ad
782 3942 953 4036 privatam
986 3926 1095 4012 vitam
1110 3939 1223 4011 redi·
1281 3975 1287 3987 ·

142 4240 145 4247 '
239 4240 248 4275 ¹
266 4238 380 4298 Momm,
395 4253 437 4302 op.
448 4238 527 4314 lead„
543 4240 1087 4301 VerontwortlichkeituerMemorare,
1101 4254 1126 4303 p.
1137 4239 1220 4290 susa.
