3128 5078
608 1482 818 1561 curor
848 1485 890 1587 r

315 1735 361 1776 Du
386 1734 577 1777 EPISTOLIS
597 1733 640 1776 ET
658 1733 941 1778 Ruunrronlssus
962 1734 1155 1777 PRAEFEC'I'I

615 1852 658 1893 AD
682 1851 873 1894 AUGUSTOS

282 2073 461 2171 Superest,
501 2072 664 2167 plurimis
696 2072 890 2168 iisdemque
923 2096 1068 2168 prorsus
1099 2072 1249 2144 diversis

234 2198 436 2270 muneribus
454 2221 533 2293 quae
551 2200 588 2268 in
606 2221 713 2269 unum
733 2197 841 2269 Urbis
855 2196 1067 2270 Praefeotum
1082 2206 1249 2290 congesta

233 2321 374 2397 fuerant
401 2323 628 2411 enumeratis
652 2330 690 2394 ut
713 2323 756 2393 de
780 2322 939 2417 epistolis
964 2332 998 2394 et
1023 2322 1249 2394 relationibus

232 2446 398 2520 Praefecti
434 2448 479 2520 ad
512 2447 708 2542 Augustos,
740 2471 895 2519 summos
923 2472 1044 2519 rerum
1074 2446 1246 2536 domium,

233 2594 344 2667 pauca
368 2572 566 2645 disseram:
590 2573 694 2668 quod,
720 2579 759 2643 ut
781 2571 864 2642 mihi
880 2572 1033 2660 videtur,
1055 2594 1075 2643 a
1099 2573 1249 2667 scripto-

234 2698 330 2769 ribus
356 2700 414 2794 qui
437 2698 528 2770 hano
550 2697 734 2769 materiam
761 2705 1015 2786 tractaverunt,
1043 2695 1137 2768 haud
1165 2697 1250 2769 satis

233 2824 436 2921 explicitum
448 2832 512 2896 est.
533 2823 631 2895 Licet
650 2823 745 2896 enim
761 2831 844 2894 tunc
859 2824 1025 2918 temporis
1043 2847 1114 2893 non
1132 2832 1249 2895 essent

233 2953 301 3022 viae
323 2947 396 3019 illae
416 2971 503 3043 quas
522 2948 663 3041 ingenia
684 2948 867 3019 hominum
884 2970 998 3043 nuper
1019 2949 1251 3042 excogitave-

233 3083 328 3165 runt,
366 3073 415 3143 ita
442 3071 657 3167 jampridem
690 3073 781 3144 mira
813 3083 890 3145 arte
919 3073 956 3143 in
985 3074 1132 3169 imperio
1172 3073 1251 3145 Ro-

234 3222 336 3271 mano
354 3198 472 3270 omnia
493 3198 659 3293 disposita
683 3209 787 3271 erant
806 3208 844 3271 ut
862 3223 906 3271 ex
922 3199 1083 3271 omnibus
1110 3197 1248 3294 imperii

233 3323 390 3420 partibus
409 3323 576 3419 quidquid
604 3324 823 3397 aJudioibus
851 3333 910 3397 aut
933 3324 1142 3398 Reotoribus
1163 3347 1251 3419 pro-

234 3449 433 3521 vinciarum
464 3448 656 3522 admissum
682 3448 819 3539 fuisset,
856 3449 901 3522 ad
936 3473 1040 3523 aures
1074 3450 1251 3546 Principis

233 3577 448 3670 perveniret.

282 3700 380 3784 Quod
397 3701 444 3806 ad
459 3700 671 3775 Praefectum
690 3704 863 3776 urbanum
887 3713 1032 3800 spectat,
1055 3728 1125 3776 non
1144 3703 1253 3775 dubi-

224 3827 302 3899 tari
315 3834 429 3920 potest
454 3827 539 3922 quin
558 3828 822 3924 imperatorem,
840 3829 950 3903 veluti
969 3830 1251 3926 Symmachianae

235 3950 392 4045 epistolae
420 3960 592 4024 testantur
608 3953 632 4044 ¹,
658 3953 701 4025 de
721 3956 815 4027 omni
844 3979 883 4027 re
910 3956 1054 4047 majoris
1088 3955 1252 4027 momenti

266 4187 275 4223 ¹
295 4186 401 4254 Symm„
415 4187 432 4236 l.
448 4187 480 4235 X.
495 4188 569 4256 epist,
584 4187 702 4255 possim,
