3128 5078
368 554 400 603 82
605 558 652 606 Db]
674 556 958 609 PRAEFEC'I'URA
980 557 1148 607 URBANA

370 702 446 750 rum
465 700 621 750 annonas
644 677 890 772 procurabant,
916 678 1009 750 unde
1022 677 1196 750 Palatium
1207 702 1271 750 sua
1295 702 1379 774 pro-

368 803 504 876 visione
532 810 730 874 sustentare
770 803 807 873 in
836 800 989 875 formula
1018 802 1288 876 Cassiodoriana
1322 803 1380 874 di-

368 936 497 1000 cuntur
515 925 540 997 ¹.

415 1056 468 1127 De
485 1055 634 1126 annonis
648 1049 814 1126 Praefecti
823 1051 910 1125 Urbi
928 1052 1066 1125 nullum
1078 1054 1246 1126 indicium
1268 1054 1381 1127 habe-

368 1203 467 1266 mus3
486 1184 725 1253 verumtamen
746 1179 807 1250 vix
821 1178 975 1252 dubitari
989 1187 1102 1275 potest
1121 1182 1206 1277 quin
1220 1178 1380 1252 Praefec-

366 1316 421 1379 tus
438 1304 525 1379 Urbi
535 1304 734 1377 indiscretae
743 1303 924 1398 dignitatis
935 1327 1014 1376 cum
1024 1302 1195 1377 Praefecto
1205 1304 1379 1378 Praetorio

318 1524 321 1529 Ι
365 1441 504 1506 centum
532 1433 611 1505 auri
645 1430 766 1524 libras,
788 1431 824 1502 id
852 1440 906 1503 est
941 1431 1083 1505 circiter
1114 1442 1255 1506 centum
1275 1431 1378 1504 millia

364 1556 567 1631 francorum
577 1565 848 1651 nostrorumper
862 1555 1020 1650 singulos
1030 1577 1140 1629 annos
1152 1553 1376 1652 accipiente2,

363 1665 436 1758 ulla
454 1682 497 1757 de
515 1681 654 1779 publico
678 1682 911 1755 emolumenta
929 1691 1134 1755 consecutus
1162 1682 1230 1754 sit:
1253 1683 1379 1779 quippe

363 1812 436 1908 qui,
453 1810 588 1884 etiamsi
607 1806 747 1880 civilem
767 1809 1013 1902 magistratum
1031 1817 1185 1903 gereret,
1208 1833 1288 1881 cum
1300 1832 1379 1881 ma-

361 1934 566 2031 gistratibus
601 1933 866 2030 municipalibus
900 1943 984 2006 tuuc
1018 1934 1101 2007 solis
1130 1935 1380 2010 emolumento·

361 2086 439 2133 rum
454 2059 651 2135 exsortibus
665 2059 764 2134 nullo
783 2061 883 2133 modo
907 2058 1061 2134 conferri
1086 2062 1194 2157 possit
1212 2060 1237 2133 ³.
1260 2063 1380 2137 Caete-

361 2211 441 2259 rum
465 2188 643 2259 Maecenas
671 2187 759 2282 ipse,
791 2210 899 2282 quum
925 2186 969 2260 de
992 2185 1165 2261 Praefecto
1184 2189 1319 2263 urbano
1338 2213 1379 2262 ac

361 2293 592 2401 Subcensore‚
603 2309 738 2384 duobus
747 2311 1123 2406 novismagistratibus
1135 2314 1375 2406 instituendis,

359 2438 404 2510 ad
417 2438 618 2531 Augustum
637 2436 747 2509 verba
759 2434 911 2525 faceret,
944 2437 1019 2509 illis
1037 2438 1232 2512 mercedem
1248 2464 1378 2536 quam-

357 2564 437 2636 dam
454 2588 518 2661 pro
551 2562 695 2636 honoris
733 2562 905 2656 dignitate
937 2562 1158 2637 tribuendam
1189 2588 1268 2638 esse
1287 2589 1376 2639 cen-

357 2699 477 2764 suerat
496 2688 521 2760 ⁴.

405 2818 448 2889 Iu
466 2816 617 2911 privatis
634 2814 781 2902 aedibus,
804 2836 874 2887 non
887 2813 1050 2910 publicis,
1067 2814 1375 2890 Praefectosurba·

357 2968 421 3017 nos
453 2941 571 3017 sedem
612 2941 779 3014 habuisse
814 2965 858 3013 ex
887 2942 1006 3014 multis
1044 2943 1252 3039 scriptorum
1288 2945 1374 3018 locis

358 3184 525 3246 vermandelt‚
538 3185 589 3236 und
600 3186 713 3238 bildeten
727 3186 782 3238 ulso
794 3187 834 3238 die
847 3188 1007 3238 Staatscasse
1024 3188 1069 3238 der
1086 3188 1229 3240 Praefecten
1243 3205 1289 3240 aus
1308 3190 1373 3241 wel-

358 3268 419 3318 cher
444 3267 485 3319 die
507 3267 654 3331 Beseldung
676 3267 722 3317 der
739 3269 842 3329 Armes,
860 3269 911 3319 und
938 3269 1002 3319 aller
1025 3268 1079 3319 Hof
1095 3269 1146 3320 und
1170 3271 1373 3322 Staatsbeamteu

281 3414 283 3417 v
359 3349 616 3402 bestrittenwurden.
628 3366 642 3394 s

390 3433 400 3469 ¹
416 3430 500 3488 Cass,
515 3431 592 3488 Van,
607 3429 651 3488 VI,
665 3428 689 3479 3.

390 3515 401 3549 2
418 3513 553 3574 Hollweg.‚
568 3510 692 3575 111‚p.37.
703 3514 758 3561 «So
770 3511 862 3561 erhielt
874 3511 919 3561 der
927 3511 1061 3563 Prdsectus
1079 3528 1127 3562 von
1136 3514 1227 3564 Airika
1238 3516 1282 3566 100
1290 3515 1374 3567 Pfund

359 3593 434 3649 Gold.
449 3593 536 3641 »Auri
546 3592 613 3642 libra
629 3590 840 3643 constantiniano
857 3598 971 3658 tempore
984 3595 1145 3658 septuaginta
1161 3601 1187 3645 et
1201 3596 1264 3647 duos
1282 3598 1374 3648 solidos

360 3678 446 3733 dabat,
458 3673 554 3723 solidus
574 3679 659 3723 autem
676 3672 800 3723 tredecim
823 3674 925 3723 circiter
942 3674 1043 3725 francos
1068 3675 1152 3726 efficit.
1175 3678 1256 3741 Igitur
1274 3686 1374 3731 centuni

360 3756 496 3809 aurilibree
508 3753 621 3804 efficiunt
631 3759 733 3807 centum
747 3754 829 3805 millia
846 3755 991 3807 francorum
1004 3771 1109 3809 nurnero
1123 3762 1240 3813 rotundo.

391 3838 403 3877 a
418 3838 534 3896 Momm„
548 3850 573 3900 p.
582 3833 639 3884 249.
651 3854 665 3880 «
681 3834 837 3886 Unbesoldet
849 3834 948 3886 blieben
961 3838 988 3886 in
1000 3834 1084 3888 dieser
1099 3839 1154 3890 Zeit
1170 3857 1218 3892 nur
1232 3839 1373 3909 Municipe-

368 3926 460 3979 amteu
470 3933 545 3968 wozu
558 3914 610 3979 jest
620 3916 685 3965 auch
703 3918 744 3966 die
759 3917 916 3968 Ueberreste
932 3917 978 3968 der
991 3920 1060 3970 alten
1072 3919 1230 3973 Stadtamter
1241 3923 1375 3975 insbeson-

360 4001 419 4051 dere
433 4000 530 4049 Prdtur
541 3995 593 4046 und
607 3996 719 4054 Questur
737 3999 876 4061 gerechnet
892 4000 1010 4051 werden:
1032 4001 1080 4051 nile
1096 4004 1307 4057 Reichsbeamten
1323 4007 1375 4056 und

360 4079 534 4134 Staatsdiener
542 4077 659 4141 dagegcn
668 4078 785 4143 wurdenj
789 4084 866 4129 etzt
850 4081 1032 4147 gleichmitssig
1042 4084 1163 4135 besoldet.
1189 4106 1203 4134 ιι

391 4159 628 4221 ⁴¹1)50.‚1.1211,c
641 4173 700 4213 xxi.
713 4163 762 4212 Καὶ
776 4163 862 4225 μισθὸν
878 4166 907 4227 γέ
919 4179 974 4215 τινα
986 4182 1129 4232 φερετωσαν
1148 4171 1190 4219 καὶ
1200 4177 1243 4232 τῆς
1258 4173 1344 4235 ccxci
1346 4191 1374 4230 ας

359 4248 433 4297 ἕνεκα
440 4245 482 4294 καὶ
496 4248 538 4303 τῆς
550 4242 682 4300 ἀξιώσεως
