3128 5078
334 529 365 581 66
569 523 618 576 DE
640 521 927 575 PRAEFECTURA
950 523 1116 577 URBANA

333 648 526 722 consuevit.
566 647 692 720 Omnia
726 669 805 740 quae
840 646 886 716 ad
925 668 1102 717 annonam
1141 641 1345 737 spectabant

332 771 504 848 Praefecto
528 794 678 844 annonae
703 770 901 865 specialiter
930 770 1202 865 assignabantur
1231 776 1348 862 utpote

331 900 433 994 cujus
450 898 528 971 hacc
543 897 645 970 unica
664 919 748 969 cura
773 906 850 970 erat
878 895 901 967 ¹.
928 896 1004 992 Ipse
1023 896 1117 969 euim
1131 896 1270 967 assidue
1285 916 1347 987 per

323 1015 487 1098 =officinas
501 1025 683 1119 pistorum,
698 1023 764 1094 hoc
778 1032 830 1096 est
847 1023 1008 1118 pistrina,
1034 1044 1182 1117 quorum
1199 1020 1347 1091 ducenta

330 1150 583 1249 quinquaginta
593 1158 742 1245 quatuor
756 1149 997 1220 Breoicrt'um
1014 1143 1205 1235 recenset2‚
1215 1148 1346 1218 discur-

329 1277 429 1350 rebat
446 1285 484 1348 ut
495 1275 589 1346 cibos
606 1273 808 1369 inspiceret,
826 1275 926 1369 panis
947 1273 1156 1346 munditiam
1170 1271 1342 1366 exigeret,

327 1403 551 1499 ponderaque
568 1424 690 1496 aequus
712 1401 932 1472 examinator
950 1408 1114 1495 pensaret
1139 1398 1234 1470 unde
1251 1399 1346 1470 cives

327 1527 479 1600 Romani
495 1524 708 1598 alerentur3.
731 1526 871 1598 Horrea
887 1548 1024 1621 quoque
1037 1523 1149 1596 ferme
1167 1522 1346 1596 trecenta²¹

325 1652 383 1724 ubi
398 1651 608 1724 frumentum
628 1650 755 1723 aliaeue
774 1673 906 1723 merces
926 1674 970 1722 ex
985 1649 1135 1722 diversis
1152 1647 1346 1744 provinciis

296 1776 304 1801 ⁸
327 1779 507 1850 translatae
530 1777 566 1848 in
594 1785 697 1872 portu
714 1774 819 1848 Urbis
846 1778 970 1850 Romae
997 1774 1056 1848 vel
1081 1774 1175 1870 apud
1197 1776 1346 1846 Romam

329 1902 487 1984 tributim
505 1901 746 1973 condebantur
762 1899 1008 1996 inspiciebat⁵;
1030 1899 1344 1996 ideoquesingulis

327 2027 430 2101 annis
449 2036 484 2098 et
503 2028 603 2099 statis
621 2026 828 2122 quibusdam
844 2026 1055 2122 temporibus
1067 2028 1112 2099 ad
1126 2025 1216 2099 ostia
1234 2025 1346 2098 Tibe-

326 2154 405 2225 rina
420 2151 478 2225 vel
494 2161 635 2247 portum
652 2153 850 2226 Romanurn
872 2151 968 2225 solus
991 2161 1052 2224 aut
1071 2175 1148 2225 curn
1170 2150 1343 2224 Praefecto

325 2279 432 2351 Urbis
447 2278 636 2352 accedebat
655 2287 693 2349 ut
713 2301 880 2351 canonem
894 2274 1162 2351 frumentarium
1182 2278 1347 2350 visitaret

327 2415 433 2502 atque
458 2405 502 2477 ab
530 2405 735 2477 horreorum
760 2404 974 2492 custodibus,
1004 2403 1263 2500 susceptoribus
1287 2404 1346 2478 rel

327 2530 537 2627 praepositis,
551 2532 704 2603 rationes
712 2527 902 2625 exigeret⁶.
916 2531 1012 2602 Licet
1026 2530 1152 2620 adhuc,
1166 2530 1345 2602 sinistram

327 2658 372 2730 ad
396 2657 534 2730 Tiberis
551 2657 685 2752 ripam,
715 2657 780 2731 sub
802 2658 978 2730 Aventino
1004 2656 1107 2746 colle,
1140 2657 1178 2728 in
1201 2658 1346 2752 regione

328 2785 431 2857 tertia
448 2783 596 2869 decima,
612 2782 715 2856 hodie
725 2784 998 2878 riouedc‘Rt'pu,
1011 2785 1180 2856 immensa
1190 2794 1346 2857 contem-

273 3003 275 3007 ·
326 2909 417 3005 plari
435 2909 564 2980 rudera
582 2932 695 3003 nuper
719 2909 844 2980 summi
866 2908 1046 2981 Pontificis
1060 2910 1164 3004 jussu
1183 2909 1343 3000 effossa⁷‚

329 3034 492 3108 videlicet
517 3035 682 3128 ingentes
701 3058 883 3108 murorum
901 3035 1193 3128 substructiones
1213 3037 1346 3110 colum·

328 3185 406 3251 nas
426 3183 601 3235 marmora
619 3161 774 3232 nondum
792 3161 944 3256 expolita
962 3163 1076 3235 sedin
1099 3161 1239 3236 futuros
1260 3189 1346 3239 usus

361 3399 371 3431 ¹
388 3398 528 3464 Drakenb„
542 3412 566 3447 c.
581 3411 628 3448 vn.

360 3479 372 3514 2
389 3479 498 3540 Preller,
511 3480 706 3541 scaccarium,
717 3495 742 3543 p.
753 3479 795 3533 31„

361 3557 373 3593 3
390 3560 472 3620 Cass,
492 3559 568 3621 Vara,
582 3558 627 3620 VI,
643 3558 681 3608 18.

361 3637 373 3672 4
390 3636 482 3696 Prell.,
500 3639 569 3687 ibid.

360 3719 372 3755 ⁵
388 3720 475 3775 Ibid,
490 3733 515 3782 p.
533 3716 586 3769 101.
603 3737 617 3764 c
629 3719 671 3769 Sic
685 3719 804 3769 scheinen
816 3721 936 3782 (horreo)
954 3721 1017 3771 uber
1032 3718 1072 3770 die
1086 3735 1165 3784 ganza
1188 3721 1262 3773 Stadt
1276 3737 1345 3774 cers-

330 3805 408 3857 treut,
419 3798 490 3848 nicht
500 3798 567 3848 nach
581 3798 626 3848 der
636 3798 666 3849 14
678 3801 808 3862 regioneu,
822 3801 932 3851 sondern
944 3802 1009 3852 nach
1022 3802 1067 3852 der
1076 3803 1107 3852 35
1119 3804 1212 3856 Tribus
1227 3803 1346 3857 vertheilt

331 3880 382 3929 und
396 3879 531 3931 verwaltet
540 3895 571 3928 zu
586 3880 648 3931 sein.
661 3900 675 3926 »

362 3962 373 3996 ⁶
390 3962 474 4021 Cora,
489 3977 513 4025 p.
528 3974 593 4011 xcv.

363 4042 374 4077 ⁷
390 4042 549 4092 Bultettino
562 4041 759 4093 delt'instituto
771 4044 802 4091 di
816 4045 1060 4106 corrispondenau
1073 4048 1278 4112 archeoloyica,
1287 4048 1349 4110 n06,

332 4124 356 4172 di
379 4122 481 4186 Giugno
502 4120 570 4170 1868.
595 4148 622 4157 —
647 4122 739 4172 Senot.
766 4120 788 4170 ll
805 4123 903 4186 portico
918 4120 1011 4173 Eruilio
1031 4124 1212 4191 coll'empcrio‚
1232 4127 1302 4177 scari
1323 4126 1349 4177 di

331 4206 423 4257 Roma.
