3128 5078
350 542 381 592 90
592 544 639 593 DE
656 544 940 596 PRAEFECTURA
957 545 1123 597 URBANA

351 668 420 750 tur,
454 659 664 734 Praefectum
691 662 799 735 Urbis
836 664 1184 761 Constantinopoleos
1213 656 1365 762 primum

350 785 516 875 instituit,
533 810 554 859 a
573 811 639 883 quo
657 788 761 882 hujus
780 789 1008 893 Praefecturae
1030 789 1112 863 fasti
1126 793 1297 887 incipiunt
1310 791 1335 863 ¹.

397 910 606 985 Praefectum
624 915 733 986 Urbis
753 914 1101 1013 constantinopoleos
1119 917 1245 990 iisdem
1269 918 1365 990 insi-

348 1039 476 1132 gnibus
485 1048 646 1113 ornatum
656 1039 877 1139 fuisseatque
886 1041 1097 1115 Praefectum
1107 1043 1214 1115 Urbis
1223 1045 1373 1142 Romae„

350 1165 472 1237 iisdem
491 1167 750 1261 apparitoribus
766 1168 965 1263 ,eodemque
982 1176 1147 1263 carpento
1175 1165 1189 1208 ²
1207 1168 1366 1242 bonora-

350 1300 422 1364 tum
433 1294 493 1364 vix
510 1317 597 1388 opus
604 1300 657 1365 est
676 1316 831 1386 monere,
849 1316 1048 1390 quanquam
1067 1318 1113 1366 ex
1128 1297 1365 1391 manuscripto

350 1417 467 1490 codice
497 1418 533 1489 id
556 1417 679 1491 folium
698 1419 870 1492 exciderit
877 1444 886 1511 ;
917 1428 1182 1516 propterquam
1206 1420 1366 1494 lacunam

349 1541 484 1615 nullum
503 1544 546 1616 de
565 1568 606 1617 ea
631 1553 822 1618 recentum
853 1545 1019 1617 indicium
1040 1544 1208 1618 habemus
1225 1544 1249 1616 ³.
1270 1547 1367 1618 Inter

349 1668 508 1741 Illustres
531 1693 593 1743 seu
608 1671 714 1765 primi
732 1670 866 1743 ordinis
890 1672 1119 1765 magistratus
1138 1672 1363 1761 censebatur,

350 1817 371 1866 a
389 1795 552 1890 Principe
570 1795 701 1868 electus
720 1796 913 1892 iisdemque
930 1796 1048 1870 verbis
1066 1797 1112 1867 in‘
1127 1795 1365 1890 Augustorum

313 1984 318 1994 .
350 1920 487 2014 legibus
506 1904 773 2017 compellatusl.

397 2047 496 2131 Quod
513 2047 557 2120 ad
580 2048 657 2141 ejus
666 2046 946 2142 jurisdictionem
963 2048 1088 2124 attinet
1124 2046 1254 2142 duplex
1272 2045 1362 2134 fuit,

349 2171 435 2244 sicut
447 2172 645 2264 jurisdictio
662 2171 824 2245 Praefecti
839 2173 995 2244 romani:
1015 2170 1150 2244 scilicet
1166 2174 1365 2253 ordinario

348 2300 386 2369 in
413 2299 527 2372 causis
542 2297 708 2370 'civilibus
729 2307 764 2371 et
790 2297 1028 2371 criminalibus
1048 2322 1155 2394 quum
1183 2297 1226 2370 de
1250 2296 1367 2370 Sena-

279 2488 282 2492 r
349 2423 494 2512 toribus
510 2424 705 2519 corporatis
718 2424 823 2496 Urbis
836 2422 1185 2519 Constantinopoleos
1203 2431 1237 2496 et
1258 2422 1366 2495 illus-

314 2532 316 2535 ’
348 2549 553 2621 tribusviris
565 2538 762 2622 honorariis
779 2548 949 2621 codicillis
964 2549 1135 2621 decoratis
1153 2557 1321 2642 ageretur
1334 2545 1361 2637 ⁵,

347 2669 381 2746 et
407 2676 484 2747 cicc
503 2697 612 2747 sacro
638 2675 677 2746 in
702 2674 994 2770 appellationibus
1016 2671 1069 2746 aa
1104 2673 1363 2767 magistratibus

348 2800 552 2892 minoribus,
579 2799 764 2896 aliquando
782 2801 902 2885 ‚etiam
922 2799 965 2872 ab
992 2799 1151 2872 omnibus
1166 2800 1318 2872 Vicariis
1333 2798 1364 2888 ⁷,

346 2936 449 3022 atque
460 2927 602 3021 speciali
622 2927 794 3021 Principis
812 2926 1033 3018 delegatione
1048 2948 1068 2997 a
1088 2923 1359 3014 Consularibus‚

377 3185 518 3246 ¹c0th0r.‚
535 3176 604 3235 eota.
763 3213 767 3217 -

354 3262 356 3266 ’
377 3267 389 3302 2
405 3264 557 3328 Antholog„
571 3266 603 3326 11,
617 3265 657 3325 52,
671 3271 696 3313 11⁰
707 3266 730 3315 7.
768 3319 771 3322 ⁴

377 3346 389 3382 ³
407 3346 496 3406 Book„
512 3349 532 3405 Ι,
546 3363 570 3411 p.
586 3346 639 3398 174.

369 3428 387 3463 ‘⁴
404 3430 488 3489 Ibin„
502 3443 530 3492 pc
540 3427 592 3478 176.
610 3456 637 3463 -
653 3428 707 3478 coa
733 3428 844 3484 Theou,
857 3426 961 3490 passim.

377 3509 388 3543 ⁵
407 3512 468 3560 Ceut.
482 3511 594 3571 Theoti„
604 3509 624 3571 1,
633 3509 672 3558 tit.
682 3508 706 3576 6,
718 3507 754 3557 De
764 3507 847 3573 officio
857 3507 975 3573 Praefecti
986 3507 1058 3573 Urbi,
1070 3508 1087 3558 l.
1100 3508 1122 3557 l.
1135 3535 1162 3544 -
1172 3505 1308 3569 Hollweg.,
1316 3508 1362 3566 ΙΙΙ,

345 3602 369 3652 p.
384 3586 466 3637 66-67.
485 3608 499 3634 a
511 3590 588 3639 Hatte
601 3589 641 3639 die
656 3590 830 3645 lurisdictio
851 3590 1007 3639 ordinaria
1021 3588 1084 3637 uber
1101 3588 1142 3637 die
1159 3587 1307 3649 Senatorum,
1321 3588 1361 3636 die

348 3672 495 3732 corporati
510 3670 561 3718 und
584 3671 691 3732 dbrigen
712 3668 886 3730 Einwohner3
902 3670 1007 3719 anchin
1022 3668 1090 3719 allen
1110 3670 1157 3719 mit
1171 3669 1216 3718 der
1227 3669 1321 3718 Polizei
1335 3669 1369 3721 in.

346 3749 560 3816 Verbindungt
538 3752 676 3800 stehenden
699 3750 900 3813 Rechtssaohen,
931 3768 961 3802 zu
985 3751 1094 3817 Beispiel
1120 3752 1201 3801 Baust
1191 3750 1360 3814 treitigkeiten

346 3831 425 3881 selbot
439 3831 502 3881 uber
513 3837 585 3882 sonst
597 3833 712 3882 eximirte
728 3833 902 3904 Personen.»

376 3913 387 3949 6
403 3915 476 3964 Ibid
492 3932 505 3960 a
519 3914 566 3963 Als
578 3913 745 3964 kaiserlicher
760 3917 839 3966 Richt
829 3921 868 3965 ter
882 3918 976 3981 (sacra
986 3915 1056 3975 occe)
1064 3918 1156 3962 mmm
1164 3928 1192 3962 er
1200 3912 1360 3976 Appellation

266 4043 270 4048 ,
345 4009 377 4042 an
391 3994 461 4042 nicht
451 3998 530 4043 tnur
551 4010 601 4044 von
622 3995 670 4044 den
692 3996 796 4046 niedern
817 3998 894 4047 Richt
883 4002 939 4047 tern
958 3996 1002 4045 der
1023 3995 1105 4055 Stant,
1119 3994 1297 4058 insbesondere
1311 3994 1359 4043 den

344 4075 479 4134 Prtttorem
493 4076 604 4125 sondern
617 4081 736 4139 vermbge
751 4077 905 4127 besondeuer
923 4060 1038 4140 Delegat'
1033 4091 1074 4124 ion
1094 4075 1160 4124 auch
1175 4090 1221 4124 aus
1233 4075 1358 4140 gewissen

343 4157 483 4205 Provinzon
498 4145 543 4204 des
558 4157 664 4208 Orients.
684 4177 697 4202 »

375 4237 386 4271 ⁷
405 4236 467 4286 Cod.
488 4238 600 4297 Theon,
617 4236 638 4297 1,
649 4237 687 4285 tit.
702 4236 725 4295 6,
736 4236 753 4285 l.
768 4236 788 4284 3,
