3128 5078
348 517 385 567 aa
591 517 640 570 nn
662 517 946 572 enneacruan
968 504 1135 571 danaus

356 657 474 729 vocari
510 654 600 729 solet
634 653 830 730 Praefectus
856 656 972 748 Urbi3
1006 670 1130 752 nempe
1152 651 1372 728 Praefectura

356 782 490 856 urbana
519 783 611 855 inter
637 782 791 857 illustres
824 783 1014 879 dignitates
1042 807 1120 856 cum
1151 778 1371 856 Praefectura

355 907 573 981 Praetoriana
591 917 625 981 et
649 908 855 1003 Magisterio
881 908 1035 982 Militum
1053 906 1251 1005 aequaliter,
1281 908 1371 980 sicut

346 1040 467 1129 supra
491 1033 654 1124 diximus,
689 1044 867 1108 censetur.
903 1033 1030 1107 Multae
1061 1034 1140 1107 aliae
1167 1032 1371 1107 honorificae

356 1157 569 1254 adjectiones
590 1159 713 1256 quibus
741 1157 906 1233 Praefecti
929 1159 1194 1233 cumulabantur
1221 1181 1371 1232 sexcen-

354 1286 398 1357 tis
410 1284 494 1359 locis
511 1278 694 1380 leguntur,
710 1285 794 1391 item
811 1311 819 1356 ε
842 1285 1159 1375 Ia'minentissima,
1175 1285 1367 1368 corcellano,

356 1410 547 1483 laudanda
566 1411 780 1485 Auctoritas
799 1412 896 1501 Tua,
913 1391 1121 1507 Magnifica
1142 1408 1251 1482 Sedes
1275 1408 1366 1496 Tua,

353 1535 570 1608 Enrz'aentio
595 1536 679 1609 Tac·
697 1536 884 1627 Sublimis,
914 1536 1087 1627 Graciles
1110 1535 1201 1621 Tua,
1220 1533 1371 1626 Magni-

354 1663 441 1734 tudo
465 1663 559 1752 Tau,
580 1663 782 1736 Sinceritas
805 1662 897 1751 nitu,
923 1661 1135 1734 Sublimitas
1163 1660 1258 1750 Tua,
1285 1655 1370 1730 Gril-

352 1811 435 1860 men
456 1788 574 1860 Tuam
583 1785 611 1881 ¹,
638 1786 802 1883 equibus
822 1786 993 1880 ejusmodi
1014 1783 1172 1859 formulis
1194 1784 1263 1856 duo
1276 1807 1370 1881 prae-

352 1914 473 1986 sertim
489 1911 676 1985 nobiliores
702 1912 839 1985 censeri
865 1911 1011 2000 debent,
1034 1910 1191 1982 scilicet:
1214 1910 1369 1982 Senatus

351 2021 504 2108 Proesal
524 2043 558 2108 et
567 2035 840 2129 gloriosissime,
859 2035 1048 2107 carissime
1068 2043 1175 2123 atquc
1192 2034 1371 2105 amantii-

351 2161 441 2233 sime
459 2159 606 2232 Paneas
623 2170 769 2244 izoslar,·
793 2183 872 2256 quae
889 2157 1057 2263 Praefecti
1082 2159 1172 2231 Urbi
1187 2159 1369 2256 appellatio

347 2287 423 2380 jam
437 2286 481 2357 ab
500 2285 713 2381 Imperatore
738 2285 929 2359 Valeriano
953 2293 1117 2380 usurpata
1134 2281 1148 2324 ²
1169 2286 1207 2356 in
1230 2278 1368 2377 legibus

352 2418 429 2507 post
446 2409 598 2504 Augusti
624 2432 750 2482 nomen
785 2419 929 2506 repente
957 2410 1141 2505 subjicitur
1154 2408 1181 2498 ³3
1210 2410 1368 2505 quamvis

351 2537 388 2607 in
412 2522 537 2631 quarto
565 2520 692 2607 saeculo
722 2534 767 2607 ad
794 2559 853 2608 eos
880 2537 1097 2632 potissimum
1116 2535 1291 2631 pertineat
1311 2536 1368 2630 qui

352 2660 398 2733 ad
415 2660 644 2734 Patriciatum
663 2660 721 2733 vel
736 2659 991 2735 Praefecturam
1010 2660 1269 2734 Praetorianam
1288 2681 1370 2754 pro·

350 2786 444 2859 vecti
457 2783 610 2859 fuerant.
1127 2863 1129 2867 ,
1283 2776 1287 2781 ’

324 2946 326 2949 v
399 2911 602 3006 Insignibus
612 2935 748 3009 quoque
763 2914 871 2986 variis
890 2923 925 2986 et
944 2913 1157 2986 ornamentis
1166 2936 1230 3008 pro
1241 2913 1293 2985 rei
1308 2910 1369 2983 di·
1460 2964 1464 2970 .

350 3037 485 3130 gnitate
498 3036 729 3110 decorabatur
746 3033 941 3111 Praefectus
953 3038 1042 3110 Urbi
1056 3037 1181 3135 quibus
1193 3060 1214 3111 a
1224 3035 1367 3134 reliquis

351 3159 484 3234 civibus
511 3169 615 3258 atque
644 3162 912 3256 Magistratibus
931 3164 1101 3258 distingui
1119 3169 1361 3235 consueverat.

350 3287 509 3359 Primum
536 3288 597 3359 vix
619 3287 770 3360 dubitari
797 3297 912 3384 potest
941 3290 1026 3384 quin
1054 3297 1149 3383 toga,
1183 3312 1245 3362 seu
1269 3297 1367 3361 veste

351 3412 447 3485 civili
460 3413 604 3486 indutus
614 3410 733 3497 fuerit,
756 3416 883 3510 quippe
892 3414 952 3511 qui
967 3415 1209 3510 magistratum
1227 3413 1366 3486 civilem

350 3545 521 3631 gereret;
554 3559 667 3633 neque
697 3537 741 3610 ad
776 3537 868 3611 hanc
904 3540 1111 3613 sententiam
1139 3538 1366 3612 evertendam

382 3902 392 3937 ¹
418 3899 599 3961 oothouedus,
627 3903 695 3953 Godt
717 3905 826 3962 Theoti„
853 3903 871 3953 l.
890 3904 934 3953 Vl.
961 3900 1113 3954 Paratitlon.
1140 3931 1169 3940 -
1192 3906 1277 3963 Cora,
1291 3902 1364 3969 praef.

348 3989 373 4038 p.
388 3987 463 4025 xxrx.

382 4045 479 4110 ²Vop.‚
493 4049 727 4109 Aurelianioito,
741 4064 812 4103 e.1x.
829 4069 842 4095 «
855 4033 1085 4108 Quare'sinceritas
1098 4055 1154 4111 tuas
1166 4051 1201 4103 rui
1214 4064 1307 4115 parens
1320 4064 1364 4121 ca7

348 4142 479 4189 sissimo...
494 4146 509 4173 »

382 4210 394 4246 ³
412 4213 475 4263 Cod.
489 4212 601 4274 Theod„
614 4212 718 4278 passim.
