3128 5078
293 527 342 576 Du
359 524 612 576 RATIONIBUS
629 527 653 576 A
670 526 892 580 PRAEFIJCTO
909 531 1140 582 REDDENDIS
1196 533 1227 583 87

209 647 380 720 memoria
400 647 551 742 posteris
575 646 786 737 traderetur,
803 658 920 723 statua
939 651 991 722 illi
1008 676 1052 725 ex
1072 675 1145 726 aere
1163 676 1227 726 ar-

211 781 363 868 gentove
373 748 408 861 el
421 795 521 863 auro,
528 774 632 869 jussu
644 774 860 871 Principum,
872 779 1022 872 pecunia
1036 777 1176 874 publica
1190 782 1226 852 in

184 880 191 889 ¹
211 901 287 974 foro
300 900 402 996 Ulpio
413 898 647 973 collocabatur
662 900 686 991 ¹,
697 903 754 975 ubi
765 911 837 974 tam
850 924 1000 1011 maguus
1014 900 1082 974 fnit
1098 927 1227 976 nume-

211 1052 272 1124 rus
293 1036 487 1099 statuarum
510 1026 570 1099 rel
583 1027 795 1101 Consulibus
815 1027 874 1099 vel
892 1026 1077 1100 Praefectis
1097 1028 1226 1104 aliisve

209 1153 472 1247 magistratibus
490 1154 682 1248 positarum
698 1163 736 1226 ut
753 1180 771 1222 «
790 1153 941 1250 populus
964 1156 1226 1249 copiosissimus

207 1301 408 1373 gregesque
437 1276 731 1351 abundantissimi
755 1302 924 1376 equorum
950 1307 967 1348 a
993 1280 1064 1352 dici
1093 1290 1224 1376 potue-

209 1400 311 1476 rint2.
326 1404 355 1476 Ε
370 1402 495 1499 quibus
514 1412 564 1476 tot
575 1405 752 1477 miraculis
765 1430 783 1472 «
796 1404 1044 1501 singularique
1054 1405 1223 1478 subomni

207 1528 296 1603 coelo
323 1538 498 1602 structura
516 1528 529 1570 3
548 1558 565 1599 »
591 1530 680 1601 nihil
707 1529 806 1602 aliud
829 1529 903 1624 jam
933 1538 1094 1624 superest
1118 1553 1223 1626 quam

207 1647 443 1718 columnarum
464 1669 504 1718 ac
522 1669 735 1719 marmorum
757 1643 971 1740 fragmenta,
997 1646 1063 1719 hoc
1082 1646 1224 1743 demum

207 1773 349 1845 ineunte
360 1771 488 1844 saeculo
498 1772 523 1860 ⁴,
541 1772 716 1872 in'octava
729 1771 874 1868 regione
889 1796 952 1845 seu
966 1770 1043 1844 foro
1060 1773 1221 1845 Romano

206 1920 349 1992 magno,
370 1922 390 1970 e
415 1909 522 1972 terrae
549 1899 742 1972 visceribus
760 1908 860 1971 eruta
885 1908 920 1971 et
949 1899 985 1970 in
1005 1899 1163 1994 apricum
1181 1922 1224 1972 ao

205 2022 320 2096 lucem
342 2024 492 2120 prolata,
514 2024 588 2098 sola
604 2024 748 2120 Trajaui
768 2024 937 2097 columma
969 2023 1126 2097 cochlide
1155 2025 1224 2096 alta

205 2148 311 2244 pedes
329 2148 508 2220 CXXVIII
529 2149 634 2221 semis
651 2147 664 2189 ⁵
681 2152 973 2246 supereminente.

255 2275 378 2369 Neque
388 2283 526 2345 tantum
535 2274 574 2344 in
583 2272 660 2346 foro
671 2274 788 2370 Ulpio,
802 2275 863 2348 sed
878 2277 984 2349 etiam
996 2277 1088 2371 apud
1100 2277 1223 2349 urbem

205 2399 541 2496 Constantinopolim
570 2401 765 2474 alteramve
792 2403 940 2474 Romam
967 2403 1106 2496 magnis
1135 2404 1222 2476 viris
1304 2428 1306 2434 ·

205 2526 264 2620 qni
279 2525 321 2597 de
336 2524 511 2621 republica
521 2525 820 2600 bene'meruerant
833 2537 958 2600 statuae
965 2528 1031 2600 hoo
1045 2553 1122 2600 aevo
1138 2529 1222 2624 poni

203 2648 375 2739 solebant,
396 2659 434 2722 nt
449 2674 493 2722 ex
515 2653 746 2747 inscriptione
782 2653 932 2748 quadam
958 2652 1067 2749 liquet
1100 2656 1223 2727 Itomae

203 2783 344 2870 reperta
373 2776 492 2872 inqua
525 2776 615 2849 tituli
651 2802 771 2851 omnes
807 2778 904 2849 Lucii
933 2778 1070 2852 Aurelii
1092 2779 1220 2863 Aviani

204 2900 404 2996 Symmachi
444 2900 609 2975 Praefecti
651 2903 740 2975 Urbi
775 2910 1003 2976 recensentur
1032 2900 1046 2940 ⁶
1072 2902 1219 2998 duaeque

140 3100 143 3106 .
203 3038 329 3101 statuae
347 3051 432 3100 auro
451 3029 605 3101 illustres
619 3031 766 3124 pereuni
784 3030 1021 3122 Augustorum
1035 3029 1170 3122 judicio
1186 3031 1217 3101 ei

235 3340 243 3374 ¹
261 3336 446 3396 OreII.-Henz.,
463 3336 572 3385 1101140.

215 3444 218 3448 ·
234 3421 245 3455 ²
261 3419 345 3477 Cass,
364 3419 441 3476 Ver„
458 3418 527 3479 vin,
543 3418 580 3469 13.
1248 3472 1250 3475 ,

233 3501 245 3536 3
262 3503 362 3557 dmm„¹
371 3499 439 3561 XVI,
457 3514 478 3548 c.
497 3514 524 3550 x,
545 3517 559 3544 a
624 3499 729 3555 Verum,
747 3496 853 3546 eumad
872 3495 975 3559 Trajaui
995 3495 1077 3545 sorum
1100 3497 1221 3558 venisset,
1240 3540 1243 3545 ,

202 3582 357 3644 singularem
374 3580 422 3631 sub
433 3580 501 3629 omni
521 3579 585 3629 coelo
606 3583 770 3640 structuram,
785 3583 814 3628 ut
832 3577 976 3642 opinamur,
995 3577 1072 3626 etiam
1091 3578 1222 3628 numinum

201 3663 351 3713 adsensione
358 3661 508 3722 mirabiIem‚
516 3660 631 3710 haerebat
639 3660 771 3720 attonitus,
781 3674 827 3723 per
835 3658 967 3724 giganteos
976 3663 1108 3708 contextus
1119 3659 1222 3710 circum-

201 3745 284 3794 ferens
298 3749 418 3802 mentem,
427 3758 473 3792 uec
483 3743 564 3791 relatu
577 3740 698 3802 effabilm,
714 3755 761 3790 nec
771 3754 859 3789 rursus
869 3740 1020 3790 mortalibus
1034 3740 1199 3806 adpetendos,
1207 3760 1221 3788 s

233 3826 244 3861 ⁴
261 3825 324 3883 Fen,
337 3825 452 3876 Notiar'e
466 3824 541 3885 depli
554 3823 631 3872 scuni
641 3821 861 3883 otelt'unfiteutro
871 3823 995 3873 Flauioe
1011 3825 1057 3872 nel
1068 3827 1129 3885 foro
1147 3823 1217 3871 Tra·

194 3911 276 3969 janu,
292 3892 1022 3966 Roma,1813.-Tournou,Erudesstatr'sta'quessur
1038 3903 1133 3958 Rome,
1149 3906 1168 3950 t.
1184 3902 1217 3951 11.
1273 3912 1275 3917 ’

200 4014 231 4025 -
246 3987 340 4049 Nihby,
362 3988 412 4037 Del
427 3991 488 4048 foro
506 3987 639 4047 Trojano.
652 4012 680 4020 —
702 3984 828 4043 Haradu,
841 3984 862 4040 I,
876 3998 901 4046 p.
918 3982 965 4033 378
981 3989 1007 4032 et
1023 3997 1093 4046 seqq.
1108 4010 1135 4017 —
1152 3982 1222 4032 Bes-

201 4070 360 4127 chret'burasl
371 4071 422 4117 der
434 4058 515 4117 stadt
530 4070 611 4125 Rom,
628 4065 674 4125 III,
687 4064 710 4124 3,
726 4079 750 4128 p.
767 4064 812 4114 159
822 4069 847 4113 et
859 4078 929 4127 seqq.

232 4148 243 4182 ⁵
261 4146 349 4207 Prell.‚
360 4162 384 4211 p.
401 4147 439 4198 12.
629 4205 631 4209 Ι

234 4227 244 4263 6
261 4226 445 4291 OreII.-Henz„
459 4235 484 4278 n⁰
501 4227 568 4280 1186.
