3128 5078
361 565 393 616 m
498 526 500 531 ¹
607 565 1141 618 nurnmnucrunuuussnuu
1231 603 1234 607 .

361 688 519 782 quaedam
533 697 661 759 mutuae
673 687 882 782 provisionis
898 708 920 759 a
934 685 1161 783 mancipibus
1170 694 1301 764 statuta
1312 709 1376 781 pro

359 811 533 886 frumento
575 813 810 909 comparando
849 811 1108 908 dividendoque
1149 813 1187 883 in
1222 835 1378 900 annonae

360 939 533 1031 angustiis
563 936 588 1007 ¹.
614 936 861 1010 AEdifioiorum
878 961 1014 1035 quoque
1038 959 1159 1010 curam
1178 938 1325 1031 gerebat
1340 947 1376 1010 et

359 1062 622 1160 sepulchrorum
645 1086 690 1153 ne
708 1063 852 1136 urbanis
876 1062 1067 1159 sepulturis
1086 1063 1241 1135 civitatis
1264 1085 1376 1136 sanc-

359 1191 439 1263 titas
452 1188 659 1279 violaretur,
684 1189 745 1262 sed
763 1189 800 1260 in
820 1189 934 1261 causis
960 1189 1005 1261 ad
1030 1187 1131 1260 ludos
1155 1190 1376 1285 spectacula-

359 1338 425 1411 que
438 1315 707 1411 pertinentibuS‚
730 1313 938 1388 arctioribus
958 1312 1085 1386 finibus
1104 1315 1181 1411 ejus
1199 1315 1377 1386 adminis-

358 1442 462 1513 tratio
491 1448 594 1537 atque
620 1441 820 1544 jurisdictio
856 1439 1121 1535 circumscripta
1143 1437 1208 1512 fuit
1237 1437 1264 1529 2,
1289 1463 1373 1513 nam

358 1565 536 1640 Tribunus
554 1558 628 1639 erat
645 1549 953 1662 voluptatum'cum
962 1566 1181 1639 Praetoribus
1194 1566 1257 1675 ¹qui
1267 1543 1373 1639 theass

356 1680 504 1793 tralibus
526 1691 617 1764 ludis
635 1716 698 1788 per
723 1714 835 1765 annos
854 1691 1010 1785 singulos
1037 1690 1256 1765 celebrandis
1282 1701 1372 1765 nutu

355 1816 549 1891 clementiae
557 1817 759 1915 principalis
774 1817 927 1914 deputati
937 1814 1109 1889 fueranti.
1125 1818 1237 1891 Porro
1247 1818 1291 1890 de
1300 1801 1373 1890 cae-¹

354 1945 439 2017 teris
454 1945 498 2016 ad
514 1943 665 2016 civitatis
682 1945 772 2017 bene
790 1943 959 2016 ordinatae
973 1951 1102 2015 statum
1119 1944 1268 2038 negotiis
1281 1966 1370 2017 cura
1457 1978 1459 1981 ·

353 2067 526 2143 Praefecto
560 2068 744 2141 commissa
775 2075 881 2140 erat:
919 2068 1084 2140 nimirum
1121 2068 1368 2143 haereticorum
1453 2153 1455 2160 Α

352 2195 686 2291 prosequendorum‚
701 2194 820 2288 legum
835 2191 878 2265 de
896 2194 1019 2266 studiis
1035 2194 1241 2277 liberalibus
1259 2219 1370 2269 exse·

352 2321 581 2417 quendarum‚
613 2343 683 2392 neu
708 2320 787 2415 quis
816 2317 937 2390 habitu
973 2319 1082 2391 vetito
1116 2320 1211 2393 intra
1234 2320 1367 2393 Urbem

351 2452 521 2534 uteretur,
551 2444 766 2541 aliarumque
784 2466 902 2517 rerum
923 2444 1090 2516 similium
1105 2470 1185 2542 quae
1199 2448 1259 2518 vix
1274 2448 1366 2543 apud
1397 2491 1400 2495 ·

350 2594 415 2645 nos
428 2571 472 2645 ad
490 2570 740 2667 rempublicam
759 2578 919 2665 spectare
937 2569 1109 2642 videntur·
1123 2569 1150 2642 ⁴.
1339 2558 1342 2563 ’

297 2693 331 2728 ”
366 2699 483 2772 'Sub
505 2697 728 2793 dispositione
764 2693 930 2784 Praefecti
966 2694 1088 2776 Urbis⁴
1113 2696 1365 2770 Constantino-

346 2826 463 2921 poleos
497 2822 709 2896 Praefectum
740 2822 894 2915 vigilum
927 2819 1163 2917 (νυκτέπαρχος)
1200 2825 1362 2897 Romano

325 2940 634 3023 'consimillimum‘
655 2944 766 3021 fuisse
794 2955 928 3023 constat
956 2947 1017 3044 qui
1036 2948 1199 3021 incendia
1218 2936 1359 3022 arcebat

344 3084 621 3171 nocturnamque
640 3073 762 3146 civium
791 3074 943 3170 quietern
967 3070 1173 3172 tutabatur⁵
1192 3081 1227 3146 et
1246 3073 1358 3147 colle-
1419 3088 1423 3094 “

343 3380 413 3431 nung
426 3367 467 3418 sur
478 3364 632 3426 neucrbante
646 3363 747 3414 Hauser
755 3356 800 3412 ‘sur
812 3361 903 3411 immer
914 3346 962 3410 mit
975 3359 1062 3410 diesen
1075 3360 1194 3410 Hausern
1208 3358 1355 3409 verbunden

342 3446 358 3495 b
371 3447 376 3458 1
444 3485 450 3497 .
461 3468 475 3493 ll

360 3447 492 3587 hfllelllalt„
508 3529 576 3577 ibid.
593 3544 607 3572 a
620 3525 694 3576 Auch
708 3523 794 3573 wurde
814 3522 840 3572 in
854 3521 1061 3586 Constantinopel
1076 3522 1142 3571 noch
1162 3519 1201 3571 ein
1223 3534 1355 3570 ausseror·

342 3606 483 3657 deutlichor
490 3606 564 3660 Fund
574 3605 716 3670 gegrttndet
723 3616 824 3654 woraus
832 3602 880 3652 deu
890 3605 1038 3666 mancipes
1049 3603 1074 3651 in
1081 3601 1167 3651 Zeiten
1175 3601 1222 3651 der
1230 3600 1300 3651 Noth
1310 3614 1355 3650 zur

341 3687 517 3751 Anachaffung
529 3703 578 3737 von
595 3686 712 3737 Getreide
728 3684 792 3736 Geld
806 3683 921 3747 gelichen
933 3682 1031 3735 wurde.
1050 3703 1064 3729 »

371 3768 474 3820 2Ιὸιίἰ.
489 3786 503 3813 a
514 3763 605 3816 ‘Ueber
623 3766 664 3816 die
681 3765 843 3815 dffentlichen
862 3762 1067 3824 Lustbarkeiten,
1090 3761 1269 3813 insbesondere
1290 3761 1353 3812 tiber

340 3851 380 3901 die
393 3847 563 3914 Sohauspiele‚
574 3860 627 3897 war
638 3849 679 3897 ein
691 3849 796 3912 eigeuer
808 3845 943 3896 Intendunt
956 3848 1063 3911 gesctzt,
1074 3845 1120 3894 der
1129 3844 1257 3895 aucheine
1271 3843 1352 3894 Disci-

339 3931 517 3998 plinargewalt
530 3929 593 3979 iiber
606 3928 646 3977 die
658 3928 836 3993 Schauspieler
849 3926 1003 3977 handhabte.
1023 3944 1037 3972 v

258 4063 261 4069 .
366 4013 381 4056 ,³
400 4010 463 4064 cod.
479 4004 646 4070 Theod.,VI‚
663 4009 702 4059 tit.
718 4009 773 4070 4‚1·.
791 4004 829 4060 33.

370 4096 380 4130 ⁴
397 4094 507 4144 rustic.
521 4093 651 4155 Noveltoe,
666 4089 755 4140 LXIV.
923 4165 926 4169 ἱ

368 4173 488 4236 ⁵Bttc‘lr.,
501 4174 521 4235 1,
542 4187 566 4237 p.
584 4171 638 4222 its.
656 4198 684 4208 -
697 4172 792 4230 Auen,
813 4172 896 4221 Vetus
911 4170 1070 4234 Descriptio
1088 4171 1168 4222 Urbis
1187 4171 1348 4224 coustanti-

339 4256 523 4318 nopotitottoe.
541 4281 568 4323 ,-
585 4252 624 4304 Cf.
639 4251 727 4309 Prell,
744 4267 768 4316 p.
785 4248 824 4308 36,
835 4254 861 4299 et
870 4249 963 4310 Walt„
979 4251 1000 4322 l,
1015 4266 1039 4315 p.
1055 4249 1109 4300 552.
1122 4270 1136 4296 «
1150 4251 1202 4302 Fur
1218 4253 1258 4302 die
1274 4249 1348 4302 Ruhe
