3128 5078
315 511 346 559 54
553 507 601 556 DE
619 503 907 555 PRAEFEG'I'URA
926 502 1095 554 URBANA

317 627 415 719 bum,
452 636 516 713 aes,
547 625 688 712 calcem,
720 631 932 695 coementum
956 629 1015 693 aut
1039 622 1166 705 similia
1188 648 1334 721 quaeque

318 752 524 849 adquirebat
546 750 571 838 ¹,
606 750 755 844 ideoque
783 758 942 821 coctores
973 756 1008 822 et
1035 757 1192 821 coctores
1224 753 1336 823 calcis

187 892 191 901 ’
317 879 382 950 sub
413 875 640 972 dispositione
673 875 749 968 ejus
778 883 878 946 erant
900 871 925 960 2,
961 898 1152 970 omnesque
1182 875 1262 947 lites
1294 900 1335 949 ac

321 1003 572 1097 controversiae
605 1023 684 1096 quae
723 999 815 1071 circa
847 1000 1123 1073 exstructionem
1155 1001 1336 1072 domorum

321 1130 536 1226 publicarum
572 1127 628 1198 vel
652 1126 872 1222 priuatarum
899 1125 1131 1198 movebantur
1154 1148 1273 1198 coram
1295 1149 1335 1197 eo

320 1255 583 1328 decidebantur.
608 1251 684 1335 Qua
720 1259 837 1321 tamen
873 1239 910 1321 in
946 1274 985 1323 re
1019 1251 1129 1323 nimio
1162 1251 1240 1346 plus
1270 1251 1335 1321 sibi

319 1379 506 1472 indulgere
526 1375 722 1449 Praefectus
740 1375 870 1445 vetitus
884 1383 973 1464 erat,
990 1376 1118 1470 quippe
1131 1375 1186 1446 cui
1195 1374 1335 1447 omnino

319 1503 580 1600 temperandum
601 1510 693 1575 esset
712 1502 896 1595 quominus
920 1522 983 1595 per
1006 1500 1152 1572 aliorum
1174 1499 1338 1595 publico-

321 1655 399 1702 rum
426 1653 572 1725 operum
593 1627 726 1713 ruinas,
752 1626 888 1698 effossis
911 1625 1080 1697 nobilium
1108 1625 1338 1697 aedificiorum
1377 1665 1383 1671 ·

219 1814 222 1817 .
321 1753 641 1827 substructionibus
657 1761 717 1824 aut
732 1774 944 1822 marmorum
963 1747 1088 1822 frustis
1113 1750 1338 1846 spoliatarum

319 1880 448 1951 aedium
463 1877 716 1952 deformatione
735 1876 926 1979 convulsis,
956 1898 1047 1947 nora
1074 1898 1181 1969 opera
1202 1878 1340 1949 excita-

277 1997 279 2001 ’
319 2014 444 2078 rentur
470 2003 503 2094 ³3
531 2004 581 2075 ita
608 2013 646 2074 ut
669 1999 863 2073 Praefectus
886 2002 945 2097 qui
973 2024 1060 2096 opus
1088 2024 1219 2072 novum
1246 2004 1339 2075 intra

320 2131 451 2204 Urbem
466 2139 594 2224 praeter
604 2128 851 2200 conscientiam
861 2127 1036 2221 Principis
1047 2125 1210 2199 dedicare
1221 2128 1336 2216 vellet,

321 2256 358 2326 id
383 2278 454 2327 non
473 2255 611 2349 publica
637 2253 836 2341 collatione,
859 2238 921 2325 sed
945 2276 1017 2325 aare
1036 2277 1099 2325 suo
1118 2231 1338 2326 absolveret'¹

322 2390 370 2469 et,
384 2403 615 2476 quaecumque
631 2375 887 2450 habitafuisset
901 2378 1127 2471 vectigalium
1142 2378 1336 2472 usurpatio,

321 2508 360 2577 in
375 2506 614 2599 cognitionem
632 2504 847 2599 imperialem
861 2490 1041 2574 derivaret
1055 2511 1223 2598 quantum
1242 2525 1340 2597 prae-

321 2640 510 2728 sumptum,
527 2655 589 2726 per
606 2654 691 2725 quos
706 2652 907 2724 expensum,
933 2638 1104 2724 quatenus
1119 2652 1340 2700 consumma-

295 2767 397 2830 'tum
411 2756 435 2827 5.
862 2731 865 2735 .

369 2883 486 2953 Ludos
520 2905 657 2977 quoque
690 2879 834 2950 crurabat
867 2876 1061 2950 Praefectus
1093 2878 1181 2950 Urbi
1213 2879 1339 2974 quibus

322 3009 469 3106 populus
500 3008 692 3096 Romanus,
714 3003 990 3099 spectaculorum
1014 3028 1151 3099 semper
1171 3004 1341 3099 adpeten-

322 3134 389 3204 tior
405 3135 508 3205 etiam
526 3131 590 3203 sub
604 3129 876 3225 imperatoribus
891 3127 1104 3217 christianis,
1123 3129 1208 3201 adeo
1223 3129 1342 3202 deleo-

323 3259 458 3331 tabatur
492 3266 529 3329 ut
569 3255 657 3328 nihil
683 3257 859 3352 acceptius
890 3255 1056 3340 haberet,
1084 3255 1354 3351 maximamque

322 3384 394 3456 diei
424 3391 560 3478 partem
583 3381 688 3453 circis
709 3389 769 3453 ant
792 3381 938 3453 theatris
968 3380 1202 3477 impenderet,
1237 3408 1255 3449 ‹<
1277 3405 1340 3477 per

323 3510 504 3596 minutias,
522 3517 559 3579 ut
573 3508 624 3579 ait
640 3506 858 3599 AmmianuS,
875 3507 1100 3596 histrionum,
1117 3502 1337 3594 saltatorum,

356 3844 364 3877 1
383 3843 480 3901 Amm,
491 3840 509 3890 l.
524 3840 629 3900 XXVII,
646 3856 668 3890 c.
683 3856 721 3891 ιιι.

353 3920 365 3955 2
382 3921 444 3972 Cod.
465 3922 576 3977 Theou,
592 3920 661 3977 XlV,
677 3920 716 3969 tit.
732 3920 756 3979 6,
770 3921 806 3968 De
819 3922 895 3971 calcis
907 3923 1059 3972 nectanibus,

353 3998 365 4033 ³
384 4002 447 4049 Ood.
465 4000 575 4058 Theoti„
587 3999 643 4057 XV,
659 3999 699 4048 tit.
711 4001 734 4059 1,
749 3999 767 4049 l.
781 4000 820 4049 19.

352 4079 365 4113 ⁴
381 4080 465 4135 Cora,
480 4095 505 4143 p.
523 4094 589 4130 xnu.

353 4158 365 4192 ⁵
385 4163 448 4211 t'od.
464 4163 576 4215 Thenai„
592 4162 648 4219 XV,
664 4161 704 4210 tit.
716 4161 739 4217 l,
751 4161 768 4210 l.
778 4161 818 4213 26.
