3128 5078
310 532 358 581 Db}
372 530 587 582 PuAErhcrr
606 528 828 580 umutrarn
842 528 893 581 ΕΤ
907 527 1143 581 INSIGNIBUS
1207 530 1236 582 13

216 669 431 767 amplissimo
462 668 582 741 Curiae
600 690 779 758 consessu,
801 669 939 764 primus
957 667 1051 741 inter
1074 693 1237 766 proceres

217 804 251 869 et
270 804 462 868 summates
479 793 634 885 sedebat,
656 796 1010 891 primussententiam
1029 818 1073 867 ex
1092 796 1235 891 antiquo

212 922 296 1014 jure
313 920 462 1017 principi
479 920 630 993 Senatus
645 914 768 993 collato
783 919 1047 1018 expromebat¹.

265 1045 327 1117 Sin
343 1055 493 1118 autema
505 1047 711 1142 Principum
729 1045 1033 1120 constitutionibus
1044 1045 1089 1119 ad
1100 1045 1235 1141 lapides

215 1170 357 1245 veniam
393 1182 601 1271 veteresque
635 1171 879 1269 inscriptiones
906 1172 1050 1261 Latinas
1073 1195 1146 1245 aere
1173 1181 1234 1245 aut

215 1321 390 1371 marmore
406 1298 549 1389 incisas,
571 1297 631 1371 vel
646 1298 687 1370 in·
706 1297 915 1393 sepulchris,
937 1297 997 1371 vel
1015 1297 1052 1370 in
1066 1275 1142 1371 basi
1157 1307 1235 1371 sta-

215 1433 368 1516 tuarum,
395 1418 452 1498 vel
477 1426 515 1496 in
542 1424 779 1497 monumentis
801 1424 968 1520 publicis,
993 1433 1032 1496 ut
1056 1424 1235 1498 memoriae
1331 1517 1336 1525 ¹

213 1558 358 1622 aeternae
372 1549 520 1635 nomina,
539 1556 574 1621 et
598 1547 723 1621 laudes
746 1570 957 1642 magnorum
975 1551 1135 1622 virorum
1148 1572 1235 1644 prc-

212 1673 353 1764 dantur,
376 1673 414 1745 hi
432 1696 552 1746 omnes
570 1673 720 1769 lapides,
743 1674 819 1746 siue
832 1695 853 1746 a
868 1673 1058 1746 minoribus
1079 1673 1234 1766 dignita-

214 1798 305 1871 tibus
331 1798 524 1893 auspicium
544 1795 686 1889 faciant,
713 1821 776 1871 seu
794 1820 815 1870 a
838 1796 1045 1891 majoribus,
1067 1798 1230 1875 eumdem

214 1947 352 2020 semper
361 1921 593 1996 Praefecturae
609 1924 766 1997 ordinem
783 1924 876 1996 inter
891 1922 1119 2016 Consulatum
1136 1898 1234 1995 Praess

213 2046 433 2121 facturamue
450 2050 704 2123 Praetorianam
721 2049 876 2146 aliosque
903 2048 1056 2122 honores
1080 2048 1232 2121 minores

213 2184 333 2249 tenent
351 2201 359 2247 τ
382 2201 426 2250 ex
444 2176 568 2272 quibus
586 2177 784 2248 innumeris
799 2175 970 2271 exemplis
988 2192 1096 2246 unum
1117 2174 1233 2271 quod-

208 2301 316 2393 dam,
354 2288 519 2374 nimirum
553 2302 665 2375 Vettii
698 2302 821 2396 Agorii
849 2301 1074 2390 Praetextati,
1106 2301 1233 2384 Quaes-

216 2409 303 2498 toris
328 2425 518 2516 candidati,
542 2428 711 2499 Praetoris
728 2427 868 2517 urbani,
891 2427 1108 2500 Correctoris
1133 2426 1232 2498 Tus-

212 2553 275 2623 ciae
294 2560 328 2624 et
350 2552 520 2641 Umbriae,
542 2552 748 2625 Consularis
775 2551 979 2642 Lusitaniae,
1005 2551 1231 2624 Proconsuhs

212 2676 365 2767 Achaiae,
393 2676 558 2751 Praefecti
585 2678 687 2768 Urbi,
718 2674 885 2748 Praefecti
918 2676 1089 2749 Praetorio
1118 2674 1231 2747 ltaliae

211 2800 1223 2898 mfflffldfflmffifflfflfflmcmmmmfflmw

210 2925 589 3023 mmmmmffiffl.

259 3053 489 3148 Symmachus
529 3056 573 3127 de
610 3053 755 3128 urbanae
798 3055 980 3149 potestatis
1016 3049 1159 3144 fastigio
1194 3057 1229 3122 et

210 3175 427 3252 Praefectura
437 3204 516 3276 quae
525 3182 650 3255 Romae
669 3181 830 3275 superior
842 3187 895 3251 est
909 3176 1045 3250 caeteris
1058 3176 1107 3247 ita
1116 3173 1229 3270 loqui-

211 3310 267 3374 tur
288 3306 405 3377 utrix
430 3315 527 3378 tanto
556 3307 656 3379 oneri
684 3289 889 3378 sustinendo
918 3327 956 3376 se
978 3325 1101 3398 parem
1129 3300 1229 3371 aesti-
1327 3394 1331 3401 ἢ

211 3438 281 3501 met
302 3427 328 3502 ³.
356 3430 560 3504 Ammianus
601 3454 737 3529 quoque
771 3426 1023 3536 Praefecturam
1057 3423 1228 3497 urbanam
1264 3485 1267 3491 ,

211 3554 394 3630 sublimem
412 3554 706 3654 formidatamque
719 3563 940 3651 potestatem,
961 3552 1056 3624 curis
1069 3551 1229 3647 permul-

242 3900 252 3937 ¹
269 3898 352 3960 Cass„
374 3900 450 3958 Van,
475 3899 520 3960 Vl,
536 3901 560 3949 4.
579 3919 592 3946 c
661 3898 784 3953 Consides
805 3913 881 3963 supra
902 3912 990 3947 omnes
1014 3896 1112 3948 scilicet
1129 3893 1228 3945 Consu-

211 3978 288 4042 lares,
300 3981 555 4044 sententiamprimus
570 3981 634 4030 dicis
647 3987 673 4030 et
687 3982 713 4030 in
724 3981 850 4031 libertatis
863 3980 921 4029 aula
930 3979 1084 4029 reverendus
1097 3977 1227 4041 aspiceris,

210 4058 236 4107 in
250 4075 300 4123 qua
314 4061 463 4109 commissos
472 4061 566 4110 habere
583 4061 671 4110 mundi
683 4062 819 4126 primarios
838 4060 997 4126 approbaris.
1011 4080 1025 4106 s

243 4137 254 4173 ²
271 4139 455 4198 Orell.-Henz.‚
467 4139 575 4190 1102354.

243 4218 255 4255 ³
272 4220 450 4282 symmachus,
462 4220 480 4271 1.
492 4221 525 4280 x,
541 4237 580 4286 ep.
595 4222 634 4282 17,
646 4221 686 4281 aa,
703 4208 742 4272 ie.
