3128 5078
331 547 362 597 62
566 545 614 595 uu
632 538 918 593 PRAEFllCl'lJRA
942 536 1110 589 URBANA

334 664 455 736 studiis
481 662 689 735 liberalibus
712 682 852 755 operam
877 658 1066 741 navabant,
1089 682 1109 729 a
1128 658 1350 731 censualibus

316 780 319 786 ⁴
333 813 468 864 summa
482 788 669 884 diligentia
683 783 846 872 confecti,
859 784 904 855 ad
918 784 1122 879 Principem
1140 806 1161 856 a
1176 782 1349 857 Praefecto

333 916 468 988 urbano
492 912 740 988 emittebantur
766 909 860 982 unde
878 918 998 1004 postea
1026 932 1088 982 suo
1116 916 1272 1004 tempore
1291 933 1350 981 eos

332 1045 369 1114 in
388 1051 509 1138 partes
532 1062 696 1111 curarum
716 1035 933 1133 promeritis
956 1034 1180 1128 singulorum
1206 1034 1351 1106 institu-

333 1167 555 1263 tionibusque
575 1156 760 1261 compertis
783 1164 958 1236 adsiscere
980 1162 1100 1257 reique
1121 1161 1269 1257 publicae
1284 1161 1351 1232 ad-

333 1290 636 1388 movereposset¹.
910 1286 913 1294 '

383 1420 520 1489 Praeter
536 1416 601 1488 has
616 1414 815 1488 ordinarias
830 1421 937 1508 atque
956 1389 1128 1485 solemnes
1141 1412 1305 1508 epistolas
1315 1416 1350 1485 et

334 1541 833 1637 relationes,quotiescumque
843 1537 994 1610 Senatus
1003 1537 1048 1608 ad
1054 1537 1140 1630 jura
1153 1561 1217 1610 sua
1227 1547 1350 1610 tutan-

334 1670 379 1740 da
396 1677 456 1741 aut
466 1668 552 1740 vitia
566 1667 727 1762 quaedam
737 1665 858 1758 legum
867 1663 1098 1753 emendanda,
1109 1687 1172 1735 seu
1184 1663 1347 1736 utilitatis

334 1794 501 1889 propriae,
515 1816 576 1865 seu
593 1792 741 1887 publicae
760 1789 981 1861 necessitatis
990 1811 1107 1876 causa,
1129 1813 1229 1885 opem
1238 1790 1350 1860 Prin-

334 1918 420 2013 cipis
438 1915 661 2012 implorabat,
681 1912 894 1986 Praefectum
913 1912 1015 2001 Urbi,
1028 1914 1216 2007 praesulem
1229 1937 1345 2003 suum,

335 2042 541 2138 petitionum
565 2062 709 2112 suarum
723 2046 782 2110 aut
795 2038 1017 2133 querelarum
1036 2046 1223 2132 patronum
1236 2062 1277 2113 ac
1294 2039 1350 2111 le-

335 2176 455 2261 gatum
474 2164 660 2237 mandabat
681 2163 866 2259 perquem
886 2162 1115 2256 allegationes
1134 2165 1351 2238 clarissimo-

337 2316 415 2364 rum
431 2292 589 2363 vircrum
614 2289 712 2383 justa
737 2289 955 2384 poscentium
973 2285 1346 2362 commendarentur2:

338 2440 424 2514 quas
440 2416 534 2488 inter
550 2414 736 2510 petitiones
751 2413 880 2488 eminet
893 2412 953 2484 illa
963 2412 1134 2507 praeclara
1150 2412 1350 2509 Symmachi

337 2567 400 2638 pro
416 2564 478 2614 ara
499 2539 670 2612 Victoriae
689 2539 727 2611 in
745 2539 854 2610 Curia
872 2537 1089 2612 restituenda
1111 2538 1242 2632 legatio
1251 2537 1277 2632 3,
1294 2539 1350 2611 cui

337 2667 490 2740 feliciter
525 2665 731 2738 Ambrosius
770 2662 987 2736 refutatoriis
1023 2664 1155 2738 libellis
1182 2664 1347 2738 obstititl.

337 2795 437 2881 Item,
452 2792 738 2888 quotiescumque
752 2815 815 2886 pro
830 2790 1009 2863 beneficiis
1021 2791 1183 2887 acceptis,
1199 2817 1263 2886 pro
1277 2793 1353 2863 vic

338 2919 435 2991 toriis
449 2918 620 2991 aduersus
635 2912 814 2986 Barbaros
833 2914 969 2988 aliosve
988 2917 1132 3011 Imperii
1151 2916 1269 2989 hostes
1289 2943 1353 2991 re-

369 3359 377 3394 ¹
396 3359 510 3418 (lotbol,
528 3360 593 3433 ⁰⁰dt
606 3361 721 3420 Theon,
733 3359 803 3420 XIV,
814 3361 853 3410 tit.
866 3361 890 3420 9,
906 3361 924 3411 l.
941 3363 964 3415 1.

370 3439 382 3475 ²
399 3440 505 3503 symm,
522 3439 539 3488 l.
552 3439 586 3495 X,
601 3455 641 3504 ep.
652 3439 691 3490 21.
710 3468 738 3476 —
750 3442 835 3498 Ibin,
846 3456 884 3504 ep.
901 3442 940 3492 62.
955 3461 968 3486 ⁴<
981 3444 1056 3495 Certa
1069 3444 1154 3495 ol'ficiu
1167 3453 1226 3496 sunt
1239 3449 1350 3499 omnium

337 3525 499 3585 potestatum.
513 3519 676 3569 Prrelccturae
702 3520 807 3570 urbanae
831 3522 962 3585 proprium
983 3525 1114 3587 negotium
1137 3533 1177 3576 est
1202 3528 1351 3579 Senatorum

334 3600 394 3663 jura
405 3600 491 3650 tutari.
510 3599 592 3658 Quare
606 3601 718 3665 partium
729 3616 843 3650 mearum
865 3609 1005 3654 conventus
1022 3607 1174 3657 necessitate
1190 3608 1352 3674 allegationi·

338 3681 385 3730 bus
409 3677 609 3730 clarissimorum
623 3681 735 3730 virorum
750 3681 820 3745 justa
845 3685 1002 3745 poscentium
1027 3685 1116 3736 deesse
1140 3703 1190 3737 non
1202 3690 1280 3754 potui.
1295 3710 1309 3738 n
1323 3719 1350 3727 —

338 3764 421 3824 Ictu,
432 3763 448 3812 l.
462 3763 494 3821 X,
507 3777 549 3826 ep.
567 3758 606 3810 54.
619 3781 633 3807 «
647 3762 697 3811 Ubi
705 3763 822 3826 ,primum
834 3754 941 3815 Senatus
952 3768 1124 3832 amplissimus
1137 3785 1286 3837 semperque
1298 3788 1354 3822 ves-

336 3850 383 3903 ter,
400 3843 506 3893 subacta
520 3841 621 3904 legibus
636 3844 697 3892 vitia
706 3845 865 3906 cognovit...‚
878 3846 937 3896 boni
949 3847 1036 3898 saeculi
1047 3851 1228 3902 auctoritatem
1241 3859 1351 3915 secutus,

227 3962 230 3967 ⁴
270 3930 272 3935 '
336 3923 447 3974 evomuit
461 3918 504 3971 diu
517 3937 632 3986 pressum
653 3923 776 3984 dolorem,
794 3930 870 3988 atque
892 3926 983 3976 iterum
997 3945 1038 3978 me
1064 3931 1225 3993 querelarum
1249 3949 1353 3984 suarum

333 4005 410 4069 jussit
425 4019 482 4054 esse
497 4003 645 4068 legatum.»
663 4030 691 4039 -
709 4004 772 4054 Cod.
790 4007 901 4066 Theoti„
916 4009 958 4068 Vl,
972 4010 1010 4060 tit.
1030 4010 1053 4069 2,
1068 4010 1219 4064 Paratitlon.

348 4114 351 4119 ·
368 4083 380 4122 ³
397 4088 501 4148 symm,
516 4084 533 4134 1,
549 4085 582 4145 X,
593 4100 632 4149 ep.
645 4085 684 4143 54,

369 4167 378 4201 ⁴
396 4167 495 4215 Sancti
509 4166 653 4215 Ambrosii
665 4166 789 4229 episcopi
805 4164 1027 4221 mediolanensis
1040 4173 1152 4225 libellus
1165 4182 1265 4228 contra
1278 4180 1350 4228 retu⁴

338 4248 445 4297 lintrem
456 4245 628 4308 Symmachi.
