3128 5078
225 593 227 597 ·
320 564 352 613 52
555 560 603 610 DE
621 559 909 612 PRAEFEC'I‘URA
928 560 1095 610 URBANA

318 682 517 777 praesertim
532 704 595 775 per
611 688 775 775 quartum
794 679 976 766 saeculum,
990 678 1083 774 apud
1101 678 1335 773 Imperatores

318 774 540 894 christianos,
581 813 766 900 postquam
792 804 888 878 aedes
918 803 1145 899 Templorum
1164 803 1222 875 vel
1240 803 1336 874 intra

319 931 378 1002 vel
403 939 504 1002 extra
533 952 651 1000 muros
676 929 801 1024 positae
829 953 909 1001 cum
940 930 1056 1025 prisca
1084 927 1335 1024 superstitione

319 1057 395 1130 erui
410 1062 604 1151 coeperunt.
628 1054 748 1149 ltaque
767 1078 906 1127 omnem
924 1053 1074 1126 aedificia
1088 1063 1208 1125 vetera
1226 1076 1335 1125 exco-

318 1181 411 1253 lendi
448 1189 483 1251 et
509 1178 743 1268 instaurandi,
780 1179 916 1251 nullam
940 1188 1057 1252 autem
1090 1202 1177 1275 opus
1193 1177 1334 1274 aliquod

317 1330 450 1378 novum
469 1302 636 1376 moliendi
659 1313 721 1375 aut
744 1303 939 1376 adornandi
968 1303 1147 1376 licentiam
1166 1300 1333 1375 Praefecti

317 1431 404 1503 Urbi
432 1428 506 1500 sine
523 1428 675 1500 Senatus
691 1428 899 1500 auctoritate
916 1425 974 1498 vel
994 1427 1168 1522 Principis
1187 1427 1332 1499 arbitrio

317 1551 545 1641 habehant1,
576 1552 721 1647 illisque
744 1552 909 1647 operibus
936 1560 1128 1646 praeerant,
1154 1575 1233 1647 quae
1256 1551 1335 1625 Au-

315 1679 413 1773 gusti
446 1680 514 1775 ipsi
542 1677 761 1749 aedificabant
789 1685 893 1771 atque
926 1676 1088 1748 aedificiis
1117 1678 1166 1748 ita
1195 1678 1335 1749 instau-

317 1807 402 1878 ratis
426 1804 485 1877 vel
509 1804 697 1876 exstructis
720 1824 848 1875 nomen
870 1801 1053 1896 proprium
1080 1801 1330 1888 inscribebant,

316 1928 486 2001 addentes
508 1951 546 1998 se
564 1925 622 1998 vel
639 1923 807 1998 refecisse
825 1925 884 1997 vel
908 1924 1119 1998 condidisse.
1140 1925 1235 1997 Hinc
1249 1925 1334 2020 plu-

317 2052 418 2122 rimae
437 2050 685 2145 inscriptiones
706 2060 741 2121 et
764 2048 1017 2142 elegantissimi
1035 2050 1170 2145 lapides
1196 2052 1234 2122 in
1253 2075 1335 2122 cor-

316 2199 401 2271 pore
420 2174 602 2248 Orelliano
618 2183 759 2246 exstant
776 2173 837 2244 ubi
854 2174 960 2246 Urbis
981 2172 1176 2247 Praefectus
1190 2177 1335 2269 erigen-

315 2301 396 2372 dam
435 2309 613 2388 statuam,
643 2308 782 2394 pontem
815 2298 1053 2388 condendum,
1088 2299 1244 2373 thermas
1279 2301 1335 2373 vel

318 2425 449 2496 formas
468 2447 639 2520 aquarum
654 2424 882 2519 reparandas,
904 2425 1076 2520 porticum
1099 2426 1330 2515 excitandam,

316 2549 495 2622 basilicam
532 2549 726 2621 ornandam
755 2572 911 2639 curasse,
943 2550 1094 2645 denique
1127 2575 1336 2624 monumen-

204 2762 209 2783 ,
316 2686 390 2747 tum
405 2676 546 2771 aliquod
567 2677 727 2771 squalore
741 2673 912 2776 foedatum
934 2676 979 2747 ad
998 2675 1130 2747 cultum
1147 2676 1335 2772 pristinum

317 2824 502 2879 revocasse
529 2800 659 2871 dicitur
682 2797 721 2891 23
757 2800 850 2873 unde
882 2789 1048 2873 Praefecti
1078 2801 1335 2873 ambitiosiores

315 2926 591 2998 exstructionem
620 2926 848 2997 aedificiorum
874 2925 944 2996 illis
976 2925 1090 2997 titulis
1121 2926 1184 2997 sibi
1215 2926 1336 2997 vindi-

315 3053 439 3124 cabant
463 3036 555 3123 licet¹
568 3059 703 3122 tantum
722 3073 833 3145 pauca
854 3050 1014 3146 quaedam
1034 3050 1330 3155 reparavissent3.

346 3255 355 3290 1
375 3257 436 3305 Cori.
455 3255 565 3312 Theraei,
581 3253 638 3311 XV,
652 3253 692 3302 tit.
708 3254 731 3311 1,
744 3253 781 3301 De
793 3253 913 3318 operibus
924 3254 1040 3318 pubbcis,
1054 3255 1070 3304 l.
1086 3257 1122 3305 11.
1139 3256 1333 3321 lrnpp..Valent.
1378 3266 1387 3279 '

225 3369 228 3373 -
316 3341 341 3384 et
354 3334 448 3383 Valens
460 3335 492 3384 A.
504 3335 536 3382 A.
553 3334 585 3382 ad
601 3334 781 3396 Symmachum
792 3334 822 3383 P.
836 3336 868 3383 V.
883 3354 896 3379 1(
909 3338 977 3385 Intra
988 3337 1077 3385 urbem
1089 3338 1199 3386 Romam
1213 3343 1335 3386 aeternam

316 3414 401 3463 nullus
412 3413 529 3463 Judicum
553 3429 645 3463 novum
657 3430 721 3480 opus
734 3416 866 3475 instauret,
881 3418 997 3479 quotiens
1008 3418 1157 3467 serenitatis
1176 3419 1279 3468 Nostrae
1292 3432 1335 3466 ar·

317 3496 393 3545 bitria
410 3496 554 3545 cessabunt.
573 3496 612 3545 Ea
626 3500 711 3544 tamen
732 3497 890 3547 instaurandi
904 3514 961 3562 quae
968 3499 1023 3563 jam
1033 3499 1188 3548 deformibus
1203 3499 1283 3547 ruinis
1295 3499 1335 3546 in·

318 3576 450 3625 tercidisse
462 3575 590 3637 dicuntur,
602 3578 726 3626 universis
738 3577 866 3627 licentiam
886 3579 983 3630 damus.
1000 3600 1013 3626 s
1026 3609 1054 3615 —
1067 3582 1150 3641 Ictu,
1169 3581 1208 3629 tlt.
1229 3581 1252 3640 l,
1268 3580 1284 3628 l.
1297 3579 1335 3628 19.

319 3658 400 3720 impp.
426 3655 529 3716 Valens,
554 3658 627 3707 Grat.
641 3664 667 3707 et
678 3658 779 3709 Valent.
793 3661 825 3710 A.
839 3661 871 3710 Α.
893 3665 925 3711 Α.
939 3661 970 3710 ad
984 3662 1114 3712 Senatum.
1135 3681 1149 3707 a
1167 3663 1250 3711 Nemo
1263 3661 1336 3710 Prae-

320 3737 444 3786 fectorum
471 3737 559 3797 Urbis,
575 3739 713 3790 aliorumve
734 3741 851 3791 iudicum
874 3758 937 3806 quos
960 3748 1073 3807 potestas
1094 3743 1120 3790 in
1144 3727 1244 3792 excelso
1270 3740 1337 3791 locat
1444 3764 1449 3770 ·

319 3833 383 3883 opus
412 3818 515 3884 aliquod
534 3835 630 3869 novum
647 3822 673 3870 in
689 3823 760 3872 Urbe
772 3825 856 3874 Roma
871 3825 965 3890 inclyta
990 3826 1119 3883 moliatur,
1134 3824 1178 3873 sad
1192 3817 1349 3873 excolendis

320 3899 448 3948 veteribus
464 3899 579 3949 intendat
591 3900 732 3952 animum...
744 3923 758 3949 »

351 3977 363 4012 ²
379 3978 562 4039 Orell.-Henz.‚
571 3983 690 4042 passim.

351 4062 363 4097 3
379 4062 477 4119 Α111111.,
490 4060 508 4111 l.
521 4061 628 4121 XXVII,
644 4077 666 4112 c.
684 4078 720 4112 111.
736 4082 749 4109 κ
762 4063 813 4114 Per
823 4068 907 4116 omnia
921 4067 1030 4118 civitatis
1043 4068 1166 4128 membra,
1181 4082 1238 4132 quae
1254 4065 1337 4116 diver-

320 4156 407 4192 sorum
416 4140 563 4205 Principum
573 4147 729 4192 exornarunt
738 4143 860 4208 impensae
869 4163 961 4198 nomen
968 4148 1099 4213 proprium
1108 4147 1272 4206 inscribebat,
1287 4162 1338 4196 non

320 4228 348 4272 ut
362 4227 475 4271 veterum
484 4223 648 4283 instaurator,
662 4223 705 4274 sed
713 4225 837 4277 conditor.
846 4247 859 4274 s
