3128 5078
556 551 603 603 ΒΕ
630 550 931 603 Junlsnlc'rlortn
1118 556 1120 559 '
1228 550 1259 600 45

285 673 330 745 Et
344 671 402 745 vel
418 672 523 744 latius
538 672 728 761 interdum,
740 671 836 744 ultra
851 670 1081 744 centesimum
1093 667 1257 764 lapidem,

237 822 299 895 per
322 797 458 870 ltaliam
480 797 644 894 ipsasque
663 797 922 870 transmarinas
945 793 1074 869 Africae
1095 795 1259 888 regiones

237 925 390 1018 cognitio
406 923 560 1020 ejusdem
569 902 733 996 Praefecti
753 919 1260 1016 ViecPrciccr'pc'sextendeba-
1326 959 1330 966 ›

237 1059 296 1122 tur
309 1049 334 1120 ¹.
355 1048 467 1122 Varia
485 1057 581 1121 certe
599 1072 663 1144 pro
687 1044 905 1144 temporibus
935 1044 1166 1120 Praefecturae
1192 1069 1261 1118 ur-

237 1175 339 1249 banae
357 1174 560 1272 provocatio
573 1170 666 1247 fuit²
682 1199 690 1244 ε
708 1174 753 1249 ab
771 1174 986 1270 Imperatore
1013 1173 1155 1269 quidem
1172 1171 1260 1245 Flo·

238 1303 351 1391 riano,
374 1301 464 1374 sicut
490 1299 632 1396 Vopisci
658 1299 858 1374 testimonio
876 1298 1072 1388 erudimur,
1092 1299 1261 1370 universa

177 1404 183 1411 ⁶
238 1427 379 1500 decreta
403 1434 455 1499 est
474 1424 509 1517 ³3
542 1426 592 1498 ita
608 1434 646 1498 ut
668 1426 714 1498 ad
732 1423 947 1499 Praefectum
972 1423 1084 1496 -Urbis
1105 1423 1262 1497 redirent

237 1551 489 1649 appellationes
509 1551 663 1624 omnium
679 1559 887 1646 potestatum
911 1533 946 1622 et
964 1551 1119 1621 omnium
1140 1548 1260 1642 digni·

239 1686 359 1749 tatum.
382 1677 468 1750 Mox
485 1700 584 1765 vero,
609 1687 686 1773 post
707 1676 988 1764 Constantinum,
1009 1697 1110 1747 saera
1132 1677 1261 1769 cogni-

239 1802 338 1877 tione,
364 1800 653 1894 proconsulibus,
690 1800 896 1891 Comitibus,
942 1800 1096 1874 Vicariis
1127 1799 1259 1873 tributa

238 1937 345 2023 atque
364 1927 409 2022 ad
436 1927 501 2000 hos
526 1926 816 2022 appellationibus
838 1926 999 2013 decretis,
1021 1924 1194 2021 auctaque
1222 1925 1260 2004 in
1352 1997 1355 2001 .

238 2052 353 2146 majus
371 2050 538 2126 Praefecti
555 2053 729 2125 Praetorio
756 2051 927 2145 dignitate
945 2061 980 2123 et
994 2050 1256 2145 jurisdictione,

233 2175 296 2270 jus
328 2176 423 2248 istud
454 2176 725 2274 appellationum
749 2198 794 2249 ex
816 2174 921 2247 ltalia
944 2184 1004 2248 aut
1021 2174 1154 2248 Africae
1171 2199 1259 2271 pro-

239 2300 365 2374 vinciis
398 2302 492 2397 quod
518 2302 618 2397 prius
652 2298 838 2374 Praefecto¹
854 2300 944 2372 Urbi
977 2302 1260 2397 competebatad

238 2422 450 2528 Praefectum
458 2427 631 2499 Praetorio
643 2426 850 2499 translatum
859 2425 1115 2515 est,nonnullis
1125 2435 1264 2500 tantum·

238 2544 352 2623 adhuc
385 2549 513 2623 relictis
546 2549 756 2645 provinciis
779 2573 798 2622 e
825 2548 948 2645 quibus
971 2551 1017 2623 ad
1043 2550 1258 2625 Praefectum
1319 2583 1322 2587 ·

239 2675 329 2748 Urbi
353 2672 589 2770 appellaretur
603 2672 629 2744 ⁴.
652 2676 820 2764 Rursum,
843 2674 1058 2772 paulopost,
1077 2700 1122 2778 ex
1142 2668 1259 2751 Sicilia

241 2979 245 2985 ·
271 2959 469 3023 1Bcek.‚11‚p.
487 2958 541 3008 173.
559 2987 590 2995 -
607 2960 761 3022 Drackenb.,
776 2974 849 3011 cvr.
1020 2996 1023 3000 ι

223 3053 227 3060 ·
257 3038 282 3074 ’ί
299 3039 438 3102 Hollweg.‚
458 3040 539 3104 lll,p
568 3040 752 3092 62-63.«A1s
780 3040 960 3091 Kai'serlicher
986 3039 1261 3104 Appellationsrichter

220 3120 329 3170 'nimmt
341 3135 369 3169 er
383 3135 429 3170 aus
442 3120 537 3169 seinem
556 3121 662 3184 eigeneu
673 3121 927 3171 luridictionsbezirk
944 3120 984 3170 die
998 3121 1194 3186 Appellationen
1214 3122 1260 3173 der

239 3200 341 3255 Judices
353 3200 471 3267 Minores
479 3215 521 3251 au.
534 3200 694 3253 Ausserhalb
706 3202 840 3253 desselben
852 3202 898 3251 hat
911 3202 958 3251 der
977 3201 1090 3266 Umsang
1109 3193 1194 3253 seiner
1205 3205 1260 3268 Ap·

239 3281 507 3347 pellationsbefugniss
521 3282 582 3333 sehr
593 3284 756 3349 gewechselt‚
769 3284 854 3333 indem
867 3283 920 3332 ihm
941 3282 1001 3332 bald
1015 3282 1055 3332 die
1068 3282 1199 3347 Bernsung
1212 3298 1259 3334 aus

240 3378 304 3426 ganz
315 3363 413 3424 Italion,
420 3362 448 3427 ja
462 3363 541 3413 selbst
560 3378 606 3413 aus
626 3364 821 3415 uberseeischen
843 3363 983 3413 Provinzen
1006 3364 1173 3428 zugewiesen‚
1199 3363 1259 3414 bald

240 3445 334 3495 wieder
345 3450 468 3508 entzogen
483 3443 535 3494 und
547 3445 644 3495 andern
655 3447 669 3495 J
672 3438 759 3496 udices
770 3444 842 3496 Sacri
856 3443 1020 3506 zugewendet
1031 3443 1127 3493 wurde.
1138 3462 1152 3490 s

271 3522 377 3590 ³Vop.,
403 3529 466 3577 Vita
482 3515 624 3588 Floriani,
640 3543 663 3577 c.
679 3542 735 3578 νη(
756 3526 845 3577 Omnis
865 3526 1013 3591 provocatio
1036 3524 1157 3575 Praefecti
1181 3525 1259 3575 Urbis

240 3607 306 3656 erit:
321 3621 380 3670 quae
391 3610 477 3656 tamen
492 3622 508 3655 a
521 3606 744 3675 proconsularibus
761 3610 786 3655 et
796 3604 932 3655 ordinariis
944 3603 1072 3670 judicibus
1086 3605 1258 3664 emerserit...

240 3685 402 3735 Praefecturae
415 3684 520 3734 urbanae
530 3685 669 3750 adpellatio
681 3687 800 3736 universa
810 3686 913 3740 decreta
919 3692 966 3737 est.
981 3706 994 3733 s

272 3766 284 3802 ⁴
301 3766 365 3816 Cod.
386 3768 495 3826 mod,
510 3767 555 3828 XI,
578 3768 618 3817 tit.
636 3767 676 3830 30,
690 3767 708 3819 l.
732 3768 771 3818 27.
792 3769 872 3833 impp.
891 3770 1023 3820 Constant.
1044 3768 1077 3817 A.
1092 3773 1118 3819 et
1143 3766 1259 3817 Julianus

240 3847 305 3899 Caes.
326 3847 358 3896 ad
383 3846 497 3896 Taurum
513 3848 544 3896 P.
556 3848 586 3899 P.
606 3866 620 3894 c
641 3850 678 3898 De
700 3847 828 3909 Sardinia,
844 3836 937 3905 Sicilia,
954 3848 1102 3913 Campania,
1128 3847 1258 3907 Calabria,

241 3926 336 3977 Bruttis
354 3933 380 3977 et
395 3928 499 3988 Piceno,
513 3928 622 3978 AEmilia
643 3933 668 3978 et
686 3930 793 3980 Venetia
809 3935 834 3979 et
851 3931 942 3980 ceteris
965 3921 1128 3994 interpositas
1145 3928 1259 3994 appella-

241 4008 323 4058 tiones
337 4008 485 4059 Laudabilis
504 4008 653 4060 Sublimitas
670 4010 725 4060 Tua
737 4026 808 4060 more
829 4010 935 4079 solemni
953 4011 1055 4062 debebit
1068 4010 1185 4060 audire...
1205 4010 1259 4061 Nec

242 4104 302 4139 vero
316 4088 368 4139 ulla
378 4090 470 4155 poterit
482 4091 538 4139 cs'se
559 4090 688 4140 confusio:
706 4091 847 4141 Praefectus
862 4093 929 4141 enim
944 4092 1031 4152 Urbis,
1047 4095 1136 4141 nostra
1151 4105 1259 4154 respon·

244 4168 317 4218 sione
330 4173 478 4227 conventus,
496 4169 625 4233 praedictis
639 4169 832 4235 cognitionibus
841 4170 1033 4235 temperandum
1040 4170 1087 4221 sibi
1100 4185 1156 4220 csse
1170 4183 1261 4233 cogno·

243 4249 288 4298 vlf.
300 4269 313 4295 »
676 4264 679 4269 ⁴
