3128 5078
307 527 339 579 28
542 524 591 575 DE
611 521 903 575 PRAEPECTURA
924 522 1096 575 URBANA

278 642 280 647 ⁵
308 666 481 745 subvertit
498 673 546 753 et,
559 664 619 755 ¹bis
643 663 743 760 quasi
766 635 942 735 obsidibus
956 670 1038 735 ante
1066 663 1268 758 praemissis,
1290 673 1330 736 ut

307 795 356 867 ait
369 792 623 887 Hieronymus,
645 787 1075 884 impetravitbaptismum
1087 786 1267 860 Christi-¹.
1299 827 1303 833 -

235 950 241 963 ·
354 911 521 989 Praefecti
548 911 761 984 diuturnitas
792 910 856 984 sub
888 911 1047 1017 Regibus
1064 921 1099 984 et
1122 911 1330 985 Consulibus

311 1041 413 1115 modo
434 1039 549 1145 maJor
566 1032 676 1110 modo
696 1038 809 1110 minor
824 1036 1035 1126 habebatur,
1060 1035 1169 1110 nullis
1188 1039 1330 1110 omuino

206 1174 209 1179 ’
305 1167 410 1243 certis
454 1164 628 1259 statisque
660 1170 856 1258 temporum
891 1160 1018 1235 finibus
1040 1165 1326 1259 circumscripta3

306 1294 365 1367 ubi
376 1315 469 1365 -vero
483 1290 660 1362 Maecenas
675 1287 837 1382 Augusto
856 1298 979 1362 auctor
995 1285 1062 1361 fuit
1080 1299 1119 1362 ut
1133 1288 1328 1363 Praefectus

307 1419 397 1492 Urbi
442 1406 610 1512 tanquam
646 1412 854 1510 peculiaris
876 1413 1018 1510 quidam
1056 1423 1093 1489 ot
1128 1415 1328 1488 ordinarius

307 1544 539 1639 Magistratus
561 1548 758 1628 crearetur,
785 1541 856 1636 qui,
898 1539 1050 1612 aliorum
1072 1542 1199 1633 instar,
1224 1540 1328 1612 certis

304 1669 512 1768 'quibusdam
527 1666 731 1739 muneribus
745 1665 810 1738 sibi
826 1665 1018 1738 commissis
1035 1665 1071 1737 in
1080 1665 1176 1739 Urbe
1195 1663 1330 1758 funge-

310 1804 422 1883 retur,
437 1793 562 1865 suasit
594 1790 638 1864 de
661 1787 836 1864 Praefecto
862 1789 950 1863 Urbi
972 1791 1063 1863 siout
1093 1791 1136 1869 de
1156 1790 1328 1884 Magistro

307 1921 447 2012 Morum
462 1918 521 1990 vel
536 1915 766 2005 Subcensore,
781 1925 819 1988 ut
828 1916 866 1987 hi
882 1917 950 1989 duo
961 1916 1191 2010 magistratus
1199 1939 1328 2012 perpe-

307 2045 360 2117 tui
374 2041 504 2131 forent,
526 2043 562 2113 id
578 2050 641 2135 est,
663 2065 727 2137 per
742 2065 880 2114 omnem
902 2043 1010 2116 vitam
1032 2050 1325 2138 prorogarentur,

292 2164 379 2242 nisi
410 2192 448 2241 se
468 2168 616 2239 crimine
639 2167 802 2261 indignos
832 2167 1034 2256 redderent,
1067 2165 1233 2244 morbove
1268 2174 1327 2239 aut

297 2302 482 2368 senectute
498 2295 548 2367 eis
568 2291 735 2388 gerendis
752 2292 906 2388 impares
923 2302 1060 2382 essent3
1081 2268 1164 2364 nam
1177 2289 1220 2364 ob
1238 2291 1330 2363 hanc

307 2421 445 2516 quidem
464 2418 693 2513 magi-stratus
717 2417 985 2491 diuturnitatem
1005 2416 1097 2489 nihil
1117 2440 1226 2511 agere
1245 2415 1327 2517 mali

310 2554 472 2647 poterant
482 2530 590 2643 quum
602 2546 638 2617 in
649 2543 759 2617 oculis
768 2522 976 2640 plerumque
990 2543 1165 2639 Principis
1175 2551 1329 2639 potesta·

308 2685 378 2749 tem
389 2670 663 2761 exercerent,'ob
675 2680 805 2744 metum
815 2694 901 2743 vero
916 2669 1207 2743 exauctorationis
1216 2668 1329 2742 offen-

306 2800 390 2873 dere
409 2796 561 2894 aliquem
579 2805 614 2870 et
629 2797 665 2868 vi
686 2795 769 2892 quid
786 2818 895 2888 agere
914 2772 1137 2897 vererentur,
1160 2817 1268 2890 quum
1291 2817 1329 2867 se

304 2925 461 3021 privatos
475 2947 617 2996 rursum
634 2922 770 2995 aliosve
790 2945 869 2993 oum
888 2921 1043 3016 potentia
1068 2917 1205 2993 futuros
1227 2943 1327 3015 prae-

305 3050 468 3122 viderent
489 3073 497 3118 :
527 3045 719 3143 Ἀρχέτωσαν
733 3045 766 3114 δὲ
781 3044 819 3121 iu*
833 3044 857 3114 οἱ
872 3044 921 3114 duo*
945 3038 1086 3125 ciroteca
1097 3044 1177 3133 βίον,
1195 3043 1231 3113 ἄν
1243 3072 1277 3141 γε
1290 3043 1327 3120 δή

304 3176 346 3265 μή
359 3179 490 3267 κακυνθῇ
501 3201 543 3252 τις
558 3172 652 3242 αὐτῶν
665 3171 763 3268 τρόπον
775 3171 850 3252 τινοὶ,
862 3168 882 3245 ἦ
895 3171 945 3238 καὶ
960 3168 1119 3250 νοσώδηςῆ
1132 3171 1182 3239 καὶ
1195 3169 1330 3266 ὑπέργη-

303 3329 363 3397 ρως
375 3299 505 3396 γένηται·
523 3299 555 3366 ἐκ
567 3297 621 3390 μὲν
633 3298 691 3394 γάρ
704 3302 755 3374 τῆς
767 3295 881 3391 χρονίου
895 3296 991 3392 ἀρχῆς
1016 3295 1097 3365 οὐδὲν
1111 3292 1147 3364 ἂν
1161 3295 1262 3379 δεινὸν,
1278 3294 1329 3365 ἅτε

304 3423 428 3516 ὁμὲν...
446 3424 458 3494 ὁ
473 3423 551 3493 δὲ...
568 3423 599 3492 ἓν
611 3428 667 3502 τοῖς
681 3422 838 3519 ὀφθαλμοῖς
851 3422 879 3491 τὸ
904 3398 1034 3523 πλεῖστον
1060 3420 1175 3518 ἄρχων,
1193 3420 1330 3519 ἐργάσα-

305 3574 372 3620 ιντο·’
388 3550 421 3618 ἐκ
433 3548 465 3617 δὲ
480 3548 516 3624 dri
530 3555 576 3618 τοῦ
589 3547 683 3645 ἑτέρον
695 3547 746 3614 καὶ
761 3545 912 3621 ὀκνήσαιεν
926 3543 963 3614 ἂν
987 3545 1182 3643 προοκροῦσοεῖ
1193 3574 1260 3630 τινι,
1277 3521 1329 3615 καὶ

304 3676 457 3772 οοὸηθεῖεν
480 3672 652 3770 ἐρ’ῥωμένως
664 3702 690 3742 τι
703 3671 827 3768 πρᾶξαι,
857 3672 937 3747 utve
951 3672 1062 3743 ἑαυτῶν
1090 3670 1248 3753 ἰδιωτείαν,
1277 3651 1328 3739 καὶ

303 3806 354 3877 τοῖν
369 3798 459 3874 ἄλλον
471 3804 556 3868 τινῶν
572 3775 947 3894 δυναστείανπροορώμενοι
968 3796 993 3866 ².
1016 3794 1020 3799 ⁵

356 3928 483 3999 Postea
500 3924 665 3996 autemid
688 3932 872 4012 mutatum,
896 3947 976 3996 nam
993 3924 1037 3996 ab
1060 3924 1218 4019 Augusto
1237 3927 1325 4022 ipso,
1424 3928 1427 3935 ’

339 4154 349 4191 ¹
366 4151 549 4213 Hieronymus.
564 4149 640 4212 epist.
651 4140 717 4210 cvri,
728 4135 762 4198 ad
776 4150 883 4202 Laetam.

339 4231 352 4268 ²
369 4231 427 4295 Dio,
440 4230 457 4281 1.
471 4229 525 4290 Lu,
540 4241 631 4280 c.xx1.
