3128 5078
316 501 348 557 so
547 468 602 548 'on
618 495 902 548 anmaucruan
925 494 1092 546 unauna

316 634 438 698 contra
461 616 612 695 officium
635 619 712 712 ejus
739 617 770 688 si
791 625 933 688 cunctos
951 613 1136 688 haereticos
1158 614 1202 688 ab
1229 612 1331 687 Urbe

316 760 350 823 et
376 751 504 822 vicinis
522 749 607 820 Iocis
627 771 696 820 non
723 747 974 820 exterminaret
990 742 1015 816 ¹.

331 878 334 884 ’
364 873 543 947 Statuebat
556 875 632 969 ipse
649 870 843 945 Praefectus
858 895 902 945 ne
916 870 1073 945 tabernae
1090 871 1238 942 vinariae
1246 872 1333 942 ante

316 1008 446 1071 certam
477 999 600 1071 horam
627 994 877 1095 aperirentur²
901 1021 972 1070 neu
999 1009 1116 1070 vestes
1144 996 1334 1093 prohibitae

314 1127 407 1198 iutra
431 1125 564 1199 Urbem
584 1125 814 1199 induerentur
836 1123 861 1196 ³.
886 1123 1109 1198 Scholaribus
1128 1130 1163 1196 et
1187 1116 1333 1194 adoles-

316 1252 472 1326 centibus
503 1251 658 1323 discendi
692 1252 881 1347 cupiditate
912 1257 1055 1346 propter
1081 1249 1333 1342 magistrorum

317 1366 560 1451 excellentiam
586 1379 732 1450 Romam
765 1400 809 1448 ex
844 1376 939 1448 orbis
970 1376 1119 1449 Romani
1142 1373 1333 1470 provinciis
1399 1406 1403 1410 ⁸

317 1503 550 1576 adfluentibus
571 1503 755 1574 imminere
774 1500 922 1573 debebat
946 1507 985 1571 ut
1009 1508 1146 1594 turpem
1165 1500 1334 1571 inhones-

317 1637 457 1724 tamque
476 1625 606 1700 famam
633 1636 668 1700 et
695 1625 967 1698 consociationes
986 1623 1193 1696 criminibus
1209 1624 1335 1719 proxi-

319 1777 393 1825 mas
423 1754 641 1842 devitarent,
668 1776 759 1826 neve
787 1750 985 1848 spectacula
1010 1748 1231 1846 frequentius
1257 1748 1335 1820 adi-

320 1878 400 1951 rent
423 1888 481 1950 aut
508 1879 755 1973 intempestiva
776 1877 940 1949 convivia
957 1876 1175 1971 adpeterent,
1193 1874 1279 1947 adeo
1296 1883 1346 1946 ut<

323 2027 342 2069 c
370 2004 399 2076 si
419 2005 495 2097 quis
515 2027 559 2075 ex
585 2001 640 2074 his
668 2026 739 2074 nou
758 2003 806 2074 ita
824 2025 861 2075 se
875 2002 1027 2095 gesserit
1046 1999 1334 2097 quemadmodum

323 2127 524 2201 liberalium
552 2151 671 2200 rerum
699 2127 853 2221 dignitas
883 2136 1014 2222 poscat,
1044 2129 1162 2199 statim
1191 2127 1334 2219 navigio

322 2254 560 2349 superpositus
583 2252 681 2325 Urbe
699 2251 881 2348 abjiciatur
900 2262 974 2343 aut,
987 2253 1016 2324 si
1036 2261 1113 2348 post
1132 2253 1335 2324 vicesimum

323 2381 438 2451 aetatis
456 2401 599 2469 annum,
622 2380 660 2450 in
673 2378 824 2474 patriam
847 2386 969 2473 sponte
984 2401 1143 2451 remeare
1161 2377 1338 2472 neglexe-

322 2504 393 2593 rit,
410 2504 644 2576 sollicitudine
677 2501 906 2576 Praefecturae
926 2504 1034 2575 etiam
1067 2504 1202 2575 invitus
1226 2501 1338 2574 redu-

352 2807 443 2858 100u.
473 2807 582 2866 Theod,
606 2805 683 2865 XVI,
693 2805 732 2855 tit.
746 2806 771 2864 5,
785 2807 821 2854 De
844 2803 981 2862 haereticis,
1003 2803 1019 2852 I.
1037 2804 1076 2855 30.
1096 2804 1175 2869 Impp.
1190 2804 1283 2856 Aroad.
1312 2809 1338 2855 et

321 2889 417 2938 Houor.
433 2889 465 2937 A.
481 2888 512 2938 A.
527 2886 648 2938 Clearobo
667 2873 742 2936 PLV.
759 2904 772 2931 u
787 2885 875 2936 Cuncti
894 2884 1007 2933 haeretici
1028 2883 1208 2948 proculdubio
1223 2887 1338 2937 noverint

319 2971 404 3019 omnia
421 2969 468 3017 sibi
484 2969 539 3017 ioca
552 2968 626 3032 hujus
646 2967 723 3016 Urbis
740 2966 875 3016 adimenda
890 2981 975 3015 esse...
991 2965 1122 3015 Praeterea
1143 2981 1233 3016 omnes
1246 2968 1337 3020 Clerici

318 3049 498 3098 haereticorum
512 3063 543 3096 ex
561 3045 734 3095 sacratissima
752 3045 822 3094 Urbe
841 3045 967 3109 pellantur
989 3061 1070 3110 neque
1092 3046 1132 3096 his
1149 3046 1241 3097 finibus
1262 3047 1338 3098 liceat

319 3128 462 3178 convenire.
486 3126 528 3177 Ad
547 3128 595 3176 hoc
616 3126 782 3175 interdicatur
800 3127 840 3176 his
862 3127 979 3176 omnibus
997 3127 1030 3176 ad
1051 3128 1179 3177 Litubium
1196 3128 1337 3179 faciendam

318 3212 385 3258 iutra
397 3210 531 3261 Civitatem
550 3212 626 3257 noctu
641 3207 680 3256 vel
694 3207 804 3257 interdiu
818 3208 931 3272 profanis
952 3209 1019 3257 coire
1039 3211 1223 3259 conventibus:
1239 3216 1336 3261 statuta

319 3289 435 3339 videlicet
447 3289 655 3338 condemnatione
668 3294 770 3338 centum
782 3288 904 3338 librarum
916 3289 970 3337 auri
988 3295 1077 3338 contra
1092 3289 1203 3339 officium
1217 3291 1338 3340 Sublimi-

317 3371 378 3419 tatis
390 3370 461 3428 Tuae,
473 3371 494 3418 si
509 3369 570 3433 quid
584 3369 727 3433 hujusmodi
739 3370 794 3418 fieri
808 3370 851 3419 veI
866 3370 893 3419 in
907 3369 1018 3434 publico,
1031 3370 1070 3419 vel
1086 3373 1111 3419 iu
1125 3372 1232 3436 privatis
1241 3372 1338 3422 aedibus

319 3451 481 3500 concedatur.
493 3470 507 3496 a
519 3478 546 3487 —
562 3453 659 3508 Amm,
677 3450 798 3512 XXVIII,
809 3466 831 3500 c.
843 3468 860 3502 1.

349 3532 361 3567 2
380 3533 477 3591 Amm,
491 3531 509 3580 I.
529 3531 649 3592 XXVIII,
665 3547 739 3581 o.1v.
758 3550 771 3577 «
833 3534 990 3582 Statuerat...
1013 3532 1166 3596 (Ampeliou)
1180 3549 1212 3582 ne
1235 3534 1340 3584 taberna

319 3611 417 3659 vinaria
427 3616 484 3660 aute
497 3612 587 3661 horam
600 3618 718 3676 quartam
739 3614 892 3675 aperiretur,
905 3629 968 3662 neve
981 3628 1074 3676 aquam
1088 3613 1233 3678 uulgarium
1245 3615 1338 3664 ealefa-

318 3697 386 3741 ceret
400 3693 542 3756 qumquam,
557 3693 601 3742 vel
614 3693 727 3757 adusque
737 3695 909 3757 praestitutum
916 3694 965 3743 diei
978 3689 1087 3759 spatium
1100 3694 1158 3744 lixae
1170 3700 1270 3745 coctam
1280 3712 1338 3760 pro-

315 3778 441 3836 ponerent
453 3788 572 3832 curnem3
583 3774 623 3822 vel
636 3775 758 3823 honestus
775 3774 878 3837 quidam
891 3774 1002 3824 mandus
1014 3774 1141 3823 videretur
1153 3774 1180 3824 in
1195 3774 1305 3838 publico.
1322 3796 1335 3823 >›
1355 3780 1358 3786 ⁴

346 3855 358 3890 ³
376 3856 438 3905 Cod.
458 3857 568 3914 Theod,
584 3854 654 3913 XIV,
669 3856 707 3904 tit.
730 3854 768 3913 10,
791 3855 807 3903 I.
821 3855 845 3904 2.
862 3856 940 3918 Impp.
960 3855 1054 3908 Arcad.
1071 3859 1097 3903 et
1107 3855 1202 3904 Honor.
1215 3856 1247 3907 A.
1260 3857 1293 3905 A.
1305 3857 1337 3905 ad

314 3933 447 4000 Populum,
462 3935 568 3984 «Usum
583 3934 745 3998 Tzungarum
756 3940 833 3999 atque
847 3936 1019 3985 Braccharum
1029 3935 1097 3984 intra
1108 3935 1205 3984 Urbem
1221 3936 1337 3993 Veneru-¹

313 4015 391 4064 bilem
405 4015 499 4064 nemini
509 4016 586 4065 liceat
600 4021 731 4079 usurpare.
743 4017 769 4067 Si
784 4018 842 4080 quis
854 4021 940 4065 autem
949 4021 1037 4065 contra
1048 4016 1115 4065 hanc
1125 4016 1284 4065 sanctionem
1293 4031 1335 4065 ve-

314 4096 368 4144 nire
381 4098 543 4160 temptaverit
553 4096 707 4145 sententiaro
713 4095 768 4144 Viri
782 4095 900 4147 Inlustris
909 4099 937 4146 P.
951 4097 982 4148 V.
995 4097 1131 4161 spoliatum
1143 4114 1202 4148 eum
1216 4099 1302 4147 omnib
1311 4113 1340 4146 us

312 4177 474 4227 facultatibus
489 4177 555 4227 tradi
566 4178 591 4225 iu
605 4177 883 4243 perpetuumarsilium
897 4179 1069 4242 praecipimus.
1087 4198 1100 4224 s
