3128 5078
516 555 969 610 onunurursrnnrroun
1103 633 1106 640 Ι
1191 542 1247 607 '51

235 674 591 763 distribuebantur·¹,
628 677 763 747 civibus
794 675 1006 747 venderetur
1020 729 1037 763 ,,
1064 675 1250 773 autetiam

235 803 346 896 gratis
363 800 455 897 plebi
472 825 535 896 per
555 801 714 895 singulas
732 803 838 874 Urbis
858 802 1020 896 regiones
1034 802 1070 873 in
1083 802 1252 895 gradibus

236 926 333 998 adid
358 926 549 998 exstructis
567 923 581 966 2
601 927 753 1021 quotidie
772 950 812 998 ac
829 928 961 999 viritim
981 926 1197 999 divideretur
1222 925 1247 1015 ³,

235 1050 317 1122 huic
333 1050 527 1144 erogationi
543 1052 667 1123 adesse
685 1050 881 1125 Praefectus
902 1051 1063 1141 debebat,
1086 1075 1130 1124 ne
1149 1053 1251 1147 panis

238 1177 433 1267 immundus
448 1186 660 1269 erogaretur
677 1201 767 1250 neve
784 1178 970 1250 immeritis
987 1179 1143 1266 daretur,
1162 1179 1253 1251 sicut

237 1303 375 1390 etvini,
393 1302 460 1374 olei
479 1312 584 1398 atque
613 1302 729 1375 carnis
760 1304 922 1376 divisioni
942 1314 1094 1399 praeerat
1107 1303 1133 1375 ⁴.

285 1430 423 1500 Praeter
446 1451 625 1500 annonam
653 1451 758 1523 opera
784 1427 923 1524 publica
948 1427 1142 1502 Praefectus
1164 1429 1254 1500 Urbi

238 1553 397 1639 curabat,
428 1564 466 1626 ut
488 1554 582 1625 Urbs
601 1553 661 1625 illa
679 1554 914 1626 sacratissima
943 1578 1022 1649 quae
1045 1555 1181 1650 imperii
1200 1558 1253 1627 sui

239 1679 405 1752 terminos
428 1681 465 1750 in
484 1689 598 1752 terras
631 1680 782 1752 maxime
810 1679 1024 1774 longinquas
1043 1679 1251 1775 protulerat,

239 1831 301 1902 pro
314 1805 497 1900 majestate
508 1805 624 1902 populi
635 1807 787 1878 Romani
798 1804 956 1876 aedificiis
971 1805 1118 1901 publicis
1130 1814 1163 1877 et
1176 1807 1256 1902 pri-

240 1933 329 2003 vatis
353 1954 456 2027 quam
476 1931 696 2003 ornatissime
715 1932 959 2003 excoleretur:
988 1954 1066 2026 quae
1086 1955 1172 2004 cura
1189 1932 1254 2004 sub
1329 1912 1332 1917 ’

239 2057 512 2152 Imperatoribus
531 2056 682 2128 maxima
700 2054 779 2147 fuit,
802 2066 839 2127 ut
856 2079 900 2127 ex
920 2057 1117 2129 innumeris
1141 2057 1256 2153 scrip-

240 2193 354 2255 torum
368 2183 455 2255 locis
471 2191 625 2278 apparet.
643 2183 699 2255 Ex
713 2182 780 2254 hac
798 2191 915 2255 autem
924 2192 1022 2278 parte
1034 2183 1161 2279 duplex
1181 2194 1257 2256 erat

239 2307 403 2381 Praefecti
431 2333 569 2398 munus,
590 2308 722 2380 scilicet
741 2307 887 2380 aedilicia
911 2317 1083 2381 vetustate
1106 2292 1255 2404 collapsa

239 2435 417 2507 reficiendi
448 2444 483 2508 et
503 2459 594 2507 nova
623 2434 813 2524 excitandi,
842 2458 883 2507 ea
913 2444 1029 2507 tamen
1058 2434 1256 2506 conditione
1350 2516 1352 2519 ,

239 2571 277 2633 ut
302 2561 399 2656 prius
424 2562 563 2656 antiqua
596 2560 826 2633 redderentur
850 2584 955 2656 quam
984 2584 1076 2632 nova
1108 2560 1256 2634 inchoa·

239 2694 375 2774 rentur,
411 2709 455 2757 ne
478 2686 585 2757 Urbis
609 2683 824 2779 splenderet
847 2684 1111 2778 magnificentia
1132 2683 1257 2757 defor-

240 2811 350 2884 mibus
367 2812 479 2882 ruinis
499 2810 632 2905 uspiam
649 2811 933 2904 corrumperetur
955 2834 962 2878 ε
987 2807 1078 2904 quod
1102 2809 1257 2879 studium

239 2936 447 3010 restituendi
474 2934 589 3028 majus
616 2954 753 3030 semper
777 2931 843 3005 fuit
875 2957 979 3029 quam
1004 2933 1202 3006 instruendi
1227 2932 1253 3024 ⁵,

270 3133 278 3169 ¹
295 3131 387 3189 Beck„
401 3131 433 3185 ΙΙ,
448 3145 473 3194 p.
490 3130 544 3178 185.

199 3266 207 3273 ,
269 3216 279 3250 ²
297 3216 359 3268 (ἶσα.
379 3215 492 3272 Theoti„
508 3210 576 3269 XIV,
589 3211 629 3269 tit,
642 3212 679 3271 17,
696 3212 731 3259 De
746 3209 854 3258 annonis
867 3207 963 3258 civicis.

269 3294 386 3355 3Walt.‚
402 3296 421 3354 l,
433 3309 458 3358 p.
474 3291 528 3341 558.
543 3309 556 3336 κ
577 3290 623 3339 Die
633 3289 801 3350 Vertheilung
818 3288 863 3337 der
876 3288 959 3338 Brode
974 3288 1087 3351 geschah
1110 3288 1206 3351 taglich
1223 3305 1253 3339 un

238 3375 363 3443 gewissen
379 3374 503 3424 erhdhten
514 3372 630 3421 Plattzen.
646 3391 660 3417 »

268 3456 280 3491 ⁴
294 3454 447 3513 Drackenb.‚
464 3469 486 3506 c.
501 3467 548 3501 vn.
989 3484 991 3488 .

269 3535 415 3598 5Greaou„
439 3542 457 3584 t.
480 3534 502 3592 l,
522 3550 546 3598 p.
569 3532 607 3581 65.
621 3551 635 3577 «
656 3530 691 3579 Es
713 3546 765 3579 suar
787 3530 827 3598 die
852 3529 946 3579 Pslicht
970 3529 1015 3578 des
1036 3528 1252 3594 Stndtpri'slecten,

237 3617 300 3666 uber
311 3618 351 3666 die
363 3616 525 3666 offentliclren
536 3613 656 3663 Gebaude
670 3612 711 3661 die
725 3611 831 3672 Statuen
844 3610 895 3659 und
904 3610 1097 3674 Triumlbogerr,
1109 3611 1177 3660 Xurz
1192 3613 1256 3661 uber

237 3697 301 3748 alles
313 3713 343 3746 zu
356 3698 474 3757 wachen,
490 3711 542 3745 uras
557 3695 624 3745 Rom
635 3694 786 3743 verschonte
789 3723 1252 3744 ............

238 3813 243 3825 .
279 3813 285 3828 .
321 3815 325 3827 .
360 3776 406 3824 Die
418 3776 601 3839 Reichenfolge
616 3773 756 3825 derEldicte
770 3774 832 3822 aller
847 3773 982 3838 l'olgonden
993 3775 1168 3838 Imperatoren
1178 3775 1254 3834 lelrrt,

236 3860 294 3909 dass
308 3859 362 3908 ihre
374 3860 503 3920 Fursorge
526 3859 582 3908 sich
595 3857 641 3906 auf
651 3857 691 3906 die
713 3855 891 3905 Prachtwerke
906 3855 994 3904 Rom's
1004 3855 1070 3905 ohne
1086 3855 1255 3904 Unterschied

235 3939 384 3989 erstreckte.
400 3941 506 3989 Gesetze
518 3940 639 3988 verboten
654 3937 703 3987 den
724 3937 862 3986 Prdsecten
874 3936 925 3985 und
940 3936 988 3985 den
1002 3937 1109 3998 ubrigen
1129 3936 1253 3985 Richtern

236 4020 298 4070 oder
312 4012 434 4069 Beamten
449 4036 513 4070 neue
535 4019 657 4070 Gebaude
668 4019 693 4068 in
712 4019 779 4068 Rom
789 4017 963 4076 auszusuhren‚
986 4022 1049 4067 statt
1066 4017 1119 4065 ihre
1144 4018 1257 4082 Sorgt'alt

236 4102 281 4150 uut'
298 4102 339 4151 die
359 4101 503 4165 Erhaltung
518 4099 563 4150 der
580 4100 647 4150 alten
665 4116 694 4149 zu
716 4099 814 4148 lenken.
841 4119 854 4144 a
875 4126 902 4135 -
917 4097 1000 4158 Coss,
1022 4100 1098 4155 Vum,
1124 4098 1171 4159 lll,
1189 4099 1210 4149 9.
1227 4127 1258 4137 ψ-

235 4182 331 4242 Amm,
346 4182 363 4231 1.
376 4183 470 4240 XXIX,
482 4199 503 4233 c.
521 4199 555 4232 vi.
579 4201 592 4227 a
609 4183 656 4231 Hic
676 4183 728 4247 ipse
743 4181 884 4231 Praefectus
899 4180 1038 4244 (Claudius)
1042 4217 1214 4229 .....
1251 4235 1257 4248 ⁹

238 4290 244 4310 .
277 4298 284 4311 .
319 4298 325 4311 .
358 4264 511 4314 instauravit
523 4269 609 4314 vetera
622 4263 761 4327 plurima...
776 4282 789 4307 »
