3128 5078
351 507 385 558 26
588 509 636 559 DE
656 506 942 559 PRAEFECTURA
963 508 1133 560 URBANA

354 653 458 731 esset,
495 668 540 717 ex
567 644 743 719 Ammiani
780 646 989 734 testimonio,
1030 645 1136 717 Urbis
1174 641 1390 718 Praefectus

354 769 486 843 electus
513 767 614 842 fuit¹.
636 769 823 859 Caeterum,
840 770 1048 844 florentibus
1065 770 1178 843 adhuc
1199 770 1389 843 Romanis

353 896 458 970 rebus
474 905 509 970 et
523 896 689 968 incolumi
706 896 819 969 veteri
841 890 1056 990 dignitatum
1075 897 1260 991 majestate
1273 896 1388 968 cives

352 1020 489 1117 aliquos
505 1021 663 1117 reperire
680 1029 734 1094 est
746 1022 806 1116 qui
818 1022 916 1116 prius
930 1020 1173 1111 Consulatum,
1195 1045 1277 1092 mox
1298 1022 1388 1092 Ur-

353 1146 408 1220 bis
424 1145 677 1219 Praefecturam
692 1145 808 1242 adepti
831 1143 929 1219 sinit
955 1146 1136 1219 Interdum
1152 1147 1257 1219 etiam
1276 1168 1388 1216 unus

348 1269 514 1366 'idemque
534 1271 621 1367 civis
635 1268 830 1343 Praefectus
844 1270 945 1360 Urbi,
967 1271 1141 1367 simulque
1159 1269 1294 1342 Consul
1311 1293 1389 1342 oo-

354 1398 478 1469 currit.
499 1397 551 1468 lta
571 1419 707 1492 quoque
729 1396 888 1468 nonnulli
907 1420 976 1469 uno
999 1397 1387 1493 eodemquetempore

355 1534 430 1598 tum
461 1523 547 1596 Urbi
578 1532 652 1596 tum
684 1524 856 1596 Praetorio
894 1522 1083 1619 praefuere,
1120 1532 1158 1596 ut
1188 1523 1233 1595 ad
1258 1545 1384 1596 annos

354 1651 525 1725 347-348
541 1676 551 1743 3
574 1649 735 1746 quodque
754 1651 893 1723 omnino
913 1650 1109 1722 mirandum
1123 1658 1190 1739 est,
1206 1649 1384 1722 'nonnulli

356 1805 493 1879 quoque
509 1789 699 1855 occurrunt
713 1782 772 1877 qui
786 1789 969 1878 utramque
987 1806 1031 1854 ex
1049 1778 1277 1853 Praefecturis
1301 1802 1384 1853 una

356 1931 436 1979 curn
457 1905 649 1980 Consulatu
675 1906 790 2001 adepti
810 1906 988 1979 videntur.
1015 1907 1173 2003 Denique
1200 1905 1384 2002 plurimos

342 2033 531 2105 exstitisse
549 2030 779 2126 conspicimus
800 2032 870 2126 qui,
891 2030 1133 2103 administrata
1157 2031 1235 2125 J‘am
1266 2031 1385 2103 Urbis

357 2154 585 2248 Praefectura,
601 2153 789 2228 inferiores
808 2157 910 2228 etiam
926 2156 1119 2250 dignitates
1139 2155 1225 2229 alias
1243 2157 1385 2228 sortie-

360 2405 524 2479 mioribus
540 2407 616 2501 jam
629 2407 833 2479 muneribus
854 2407 999 2500 egregie
1021 2403 1208 2502 perfuncti,
1234 2404 1278 2478 ab
1306 2405 1384 2478 ho-

358 2529 504 2604 noribus
534 2531 627 2622 aliis,
655 2532 737 2604 licet
770 2531 1041 2620 obscurioribus,
1071 2531 1198 2621 arceri,
1229 2531 1383 2628 ideoque

359 2657 575 2755 Reipublicae
587 2659 678 2731 bono
692 2659 815 2732 deesse
832 2659 1048 2732 viderentur.

348 2860 353 2867 ,
409 2786 574 2882 Superest
599 2795 639 2858 ut
669 2786 912 2881 dispisciamus
937 2795 1054 2858 utrum
1072 2810 1092 2860 e
1112 2784 1306 2880 gentihbus
1331 2808 1382 2858 an

359 2912 559 2984 christianis
585 2913 698 3007 potius
721 2909 886 2984 Praefecti
913 2911 1142 3006 eligerentur.
1166 2909 1282 3007 Saepe,
1309 2911 1381 3009 ipsi

359 3035 641 3108 christianissimi
658 3035 905 3131 Imperatores
925 3034 1024 3108 velut
1054 3035 1270 3108 Theodosius
1294 3037 1384 3109 Ma-

360 3186 465 3257 gnus,
485 3162 591 3234 etiam
610 3163 799 3234 acerrimos
813 3162 963 3233 ethnicae
975 3160 1156 3254 religionis
1170 3184 1383 3257 propugna-

362 3297 456 3359 tores
470 3286 515 3358 ad
534 3283 787 3358 Praefecturam
808 3286 978 3358 urbanam
1002 3294 1267 3381 promoverunt,
1288 3285 1383 3383 quod
1495 3340 1497 3345 .

363 3412 576 3509 Symmachi,
609 3411 718 3485 Vettii
752 3411 874 3507 Agorii
915 3412 1125 3486 Praetextati
1161 3412 1382 3508 aliorumque

364 3537 524 3634 exemplo
538 3538 679 3635 probari
695 3547 808 3635 potest
820 3537 846 3627 4,
875 3561 959 3635 quos
984 3535 1072 3611 falso
1101 3538 1246 3611 deorum
1266 3538 1381 3615 cultui

364 3663 531 3752 addictoS,
547 3664 622 3737 imo
640 3666 771 3754 Vestae,
790 3663 883 3758 Solis
896 3664 1105 3752 sacerdotes,
1125 3663 1383 3760 quindecimvi-

395 3901 405 3936 1
422 3901 519 3960 Amm,
534 3899 551 3951 1.
564 3895 667 3959 XXVII,
679 3914 700 3949 c.
713 3915 749 3951 111.
766 3920 780 3945 «
792 3899 902 3950 Advenit
913 3904 972 3965 post
985 3900 1052 3950 hunc
1067 3935 1083 3951 ..
1097 3898 1298 3964 (Symmachum)
1310 3898 1381 3948 urbis

365 3981 512 4032 moderator
523 3981 676 4046 Larnpadius
690 3979 853 4045 expraefecto
866 3980 994 4045 praetorio.
1008 3999 1021 4025 s

397 4063 409 4098 ²
425 4062 508 4120 Cora„
521 4064 621 4125 Proef„
634 4076 659 4126 p.
675 4075 825 4112 xxv-xxvi.

399 4145 410 4180 ³
426 4145 501 4195 Ibid.

400 4224 410 4259 ⁴
428 4222 615 4282 Orell.-Henz.,
625 4228 650 4272 11⁰
663 4222 733 4273 2354.
