3128 5078
271 511 275 519 '
347 530 379 581 oo
583 524 630 573 nn
649 524 937 577 rnmrncrunn
962 527 1127 579 unsrun
1202 540 1208 549 ·

349 652 433 738 turi,
448 648 692 723 examinandis
703 646 836 721 actibus
852 647 927 719 suis
946 645 1087 719 obnoxii
1107 655 1209 719 erant
1223 654 1262 718 ut
1275 646 1364 718 male

306 766 309 770 ⁴
348 777 500 849 admissa
521 775 801 868 corrigerentur,
827 771 916 845 bene
934 781 1051 845 autem
1066 772 1219 845 admissa
1237 771 1366 844 lauda-

347 912 483 977 rentur.
651 872 655 887 ⁵

395 1031 459 1103 Cui
476 1027 691 1124 inquisitioni
723 1048 900 1099 successor
926 1024 1092 1097 Praefecti
1128 1035 1162 1098 et
1199 1027 1363 1099 Vicarius

347 1155 455 1228 Urbis
471 1157 508 1226 in
522 1154 722 1226 societatem
733 1151 939 1245 cognitionis
954 1152 1084 1224 ascitus
1093 1151 1362 1247 praesidebant.¹‚

347 1281 398 1353 sic
418 1290 455 1352 ut
471 1288 606 1374 pateret
625 1277 787 1351 omnibus
801 1274 951 1350 facultas
962 1301 1065 1373 super
1081 1277 1174 1350 illius
1188 1277 1366 1351 adminis-

348 1379 534 1480 trationem
555 1403 811 1500 querimoniam
837 1403 1076 1476 commovendi
1102 1412 1136 1475 et
1164 1404 1364 1498 prolegum

347 1531 483 1604 ratione
515 1529 691 1626 pulsandi,
724 1529 817 1625 quod
842 1529 929 1601 satis
955 1537 1171 1623 compertum
1197 1527 1367 1601 habemus

349 1656 509 1752 exemplo
523 1655 666 1751 pistoris
680 1651 790 1748 hujus
804 1653 925 1750 dequo
941 1653 1099 1751 loquitur
1114 1654 1318 1726 Ammianus
1334 1650 1363 1741 ²²,

295 1826 300 1834 ·
349 1784 394 1855 ad
412 1790 651 1854 correcturum
667 1781 808 1852 Tusciae
826 1780 1016 1875 provinciae
1034 1781 1155 1870 erecti,
1177 1780 1253 1853 loco
1270 1805 1369 1876 prae-

350 1910 422 2000 mii,
446 1907 529 2004 quia
547 1906 730 2002 peculatus
757 1929 858 1978 reum
876 1906 1035 1980 Orsitum
1062 1906 1238 1978 multoties
1263 1908 1370 1979 Prae-

350 2030 433 2104 fecti
447 2031 581 2104 honore
599 2027 756 2102 sunctum
776 2029 951 2104 detulerat
969 2030 993 2101 ³.
1016 2033 1113 2121 Mon,
1140 2032 1369 2127 inquisitione

351 2157 619 2251 diligentissime
633 2152 740 2244 facta,
772 2157 976 2229 relationem
999 2180 1076 2229 cum
1105 2180 1226 2229 rerum
1244 2167 1371 2251 gesta-

352 2307 432 2354 rum
452 2281 669 2354 documentis
689 2281 888 2375 cognitores
906 2282 951 2354 ad
969 2283 1168 2377 Principem
1186 2282 1371 2357 mittebant

354 2384 412 2504 qui
422 2386 635 2480 Praefectum
646 2408 791 2479 crimine
804 2407 921 2479 aerarii
934 2406 1133 2480 defraudati
1143 2408 1258 2482 aliove
1273 2408 1371 2481 dann-

355 2543 476 2607 natum
492 2535 594 2607 exilio
612 2558 691 2605 cum
708 2532 880 2606 bonorum
900 2533 1131 2628 publicatione
1150 2533 1332 2606 multabat.

376 2644 380 2649 ⁴
401 2661 447 2733 At
467 2642 497 2732 si
514 2659 614 2732 nulla
623 2661 660 2732 in
675 2636 896 2732 eo'causandi
908 2660 1056 2732 materia
1070 2661 1216 2754 inventa
1229 2658 1376 2757 fuisset·

355 2787 417 2877 sed
434 2785 552 2857 omnia
570 2785 745 2857 laudanda
760 2785 873 2881 potius
893 2807 998 2881 quarn
1018 2780 1251 2880 vituperanda
1269 2785 1373 2885 vide-

355 2921 502 3000 rentur,
538 2886 763 3005 unanimique
796 2904 952 3011 Seuatus
977 2932 1018 2981 ac
1054 2909 1178 3004 Populi
1205 2894 1372 3005 suffragio

355 3036 482 3128 dudeco
493 3039 622 3127 juctan,
636 3036 793 3128 integer,
807 3034 940 3137 Hector
946 3036 1122 3130 procidus
1132 3035 1373 3138 consalutare-

355 3169 413 3232 tur
431 3161 463 3248 ἢ
479 3140 598 3232 amore
612 3159 752 3257 publico
769 3158 1033 3265 prosequendus
1055 3159 1252 3261 dignusque
1269 3163 1380 3260 cujus

387 3385 1379 3463 ¹'Hotlweg'ss‚111‚p.atu...aSopinuauchderPrnrectusUrbiinsemein:

356 3477 439 3527 schaft
451 3478 499 3527 mit
509 3477 567 3526 dem
581 3477 700 3528 Vicnrius
715 3479 792 3528 Urbis
806 3480 847 3528 die
857 3479 1027 3544 Verwaltung
1043 3481 1126 3529 seines
1138 3470 1305 3546 vorgengers
1322 3482 1373 3530 und

355 3558 447 3607 nimmt
465 3557 505 3606 die
525 3559 711 3608 Bescbwerden
728 3573 811 3624 gegen
832 3559 919 3609 diesen
933 3575 1016 3611 an.....
1033 3580 1046 3606 n
1060 3589 1087 3597 -
1103 3562 1208 3624 Symm„
1225 3562 1258 3621 X,
1274 3576 1313 3625 ep.
1332 3561 1370 3610 36.

357 3658 369 3683 a
387 3639 451 3690 Cum
463 3637 495 3709 ad
505 3637 685 3688 eiaminundos
694 3636 773 3689 ‘actus
784 3639 857 3689 Bassi
871 3639 989 3710 Praefecti
1006 3640 1083 3690 Urbis
1097 3646 1211 3704 potestas
1225 3634 1328 3691 Vinaria
1342 3641 1374 3690 ad

357 3719 524 3768 secretarium
539 3734 670 3771 commune
687 3722 829 3786 prodiisset.
843 3740 857 3767 s

388 3799 398 3836 2
419 3801 517 3863 Amm.,
531 3801 636 3861 XXVII,
652 3803 674 3853 3.
695 3823 708 3850 a
726 3805 901 3866 Terentius...,
916 3805 1006 3855 humili
1024 3819 1117 3870 genere
1134 3804 1162 3854 in
1181 3805 1243 3854 urbe
1263 3810 1337 3854 natus
1350 3811 1375 3854 et

356 3872 446 3946 pistor,
462 3883 494 3931 ad
512 3883 593 3932 vicem
614 3885 721 3948 praemii,
742 3885 802 3950 quia
818 3884 948 3949 peculatus
963 3900 1034 3934 reum
1045 3883 1179 3934 'detulerat
1196 3886 1308 3935 Orsitum
1329 3885 1380 3934 ex'-'

354 3962 487 4020 Praefecto
501 3963 568 4019 hanc
581 3965 696 4018 eamdem
715 3967 871 4028 provinciam
893 3966 1029 4026 (Tusciam)
1047 3966 1197 4018 correctonis
1213 3966 1375 4016 administra-

359 4049 430 4093 verat
443 4048 576 4107 potestate.
595 4066 608 4089 »
805 4038 808 4042 ⁴

387 4123 398 4158 ³
414 4124 501 4185 Cora,
514 4140 538 4187 p.
551 4126 607 4174 223.

387 4204 399 4238 ⁴
418 4204 516 4261 Amm,
529 4207 647 4269 passim.
