3128 5078
490 510 1017 602 o'anuncriouuenrnrncrr
1226 549 1269 631 aa¹

239 690 381 763 Tiberio
405 688 613 782 caeterisque
625 684 903 781 Imperatoribus
920 687 1259 781 proximeconsecu-

238 818 297 905 tis,
308 816 434 886 miram
445 809 744 907 perturbationem
759 833 800 883 ac
812 812 1018 884 varietatem
1027 813 1064 885 i'n
1072 809 1257 885 Praefectis

239 937 494 1013 conservandis
523 935 757 1032 comperimus
784 944 819 1009 et
845 933 1010 1009 Praefecti
1030 936 1270 1028 diuturnitas,
1308 937 1312 943 ’

240 1062 531 1162 quemadmodum
561 1062 697 1152 electio,
735 1084 758 1135 a
796 1060 872 1133 solo
905 1061 1088 1133 Caesarum
1114 1061 1259 1134 arbitrio

239 1186 529 1287 pendere'coepit.
556 1187 646 1259 Boni
676 1186 816 1282 quidem
837 1185 1021 1281 Principes
1044 1185 1260 1282 permultos

240 1317 398 1409 integros
420 1336 534 1386 annos
568 1311 729 1385 eumdem
746 1308 962 1384 Praefectum
983 1311 1112 1407 saepius
1131 1334 1261 1407 proro-

241 1463 388 1536 gavere,
405 1439 558 1511 maxime
577 1461 653 1510 cum
679 1436 852 1533 praeclare
871 1435 987 1509 officio
1005 1460 1068 1509 suo
1088 1434 1262 1532 fungere-

243 1575 314 1655 tur,
356 1564 491 1660 solique
524 1563 728 1658 nequissimi
763 1563 1009 1658 Imperatores,
1043 1561 1262 1658 Reipublicae

244 1714 365 1786 parum
384 1690 528 1778 curiosi,
545 1712 609 1785 pro
626 1689 745 1783 gratia
758 1696 820 1761 'aut
833 1689 967 1761 inuidia
983 1688 1110 1760 multos
1128 1697 1263 1794 temere

135 1908 140 1915 ἱ
244 1811 437 1888 Praefectos
457 1814 495 1884 in
515 1837 654 1886 menses
673 1813 788 1885 solum
811 1822 916 1909 atque
939 1813 1045 1886 horas
1063 1813 1168 1886 etiam
1189 1812 1262 1886 eli-

243 1919 387 2033 gebant,
409 1961 469 2011 eos
499 1938 614 2010 nimia·
641 1914 1009 2012 facilitate'mutantes
1038 1948 1078 2037 ut
1102 1936 1268 2013 eumdem

141 2104 145 2112 ·
244 2065 412 2137 honorem
431 2062 533 2135 modo
560 2062 629 2152 his,
660 2062 760 2135 modo
780 2062 859 2135 aliis
882 2064 1153 2137 committerent.
1174 2063 1262 2137 Ple-

243 2212 391 2285 rumque
421 2197 538 2260 tamen
576 2186 621 2260 ab
653 2187 764 2261 altera
789 2197 890 2284 parte
921 2189 1015 2262 tertii
1042 2190 1163 2262 saeculi
1184 2198 1262 2286 post

244 2315 424 2387 Christum
443 2322 578 2399 natum,
598 2311 664 2385 hoc
681 2322 747 2406 est,
759 2322 836 2409 post
855 2313 1039 2388 Valeriani
1057 2324 1093 2389 et
1109 2315 1262 2389 Gallieni

231 2449 414 2537 tempora,
437 2436 692 2512 Praefectorum
725 2440 833 2512 Urbis
872 2443 1101 2535 magistratus
1125 2462 1263 2515 annuus

242 2589 318 2639 esse
342 2565 525 2639 consuevit
543 2564 569 2654 ¹,
600 2573 639 2637 ut
658 2588 702 2637 ex
725 2565 869 2638 aureolo
898 2564 1150 2640 Praefectorum
1173 2565 1262 2638 Urbi

241 2691 506 2765 demonstratur
523 2688 678 2761 indiculo
710 2712 815 2786 quem
831 2682 985 2764 Joannes
1006 2687 1262 2786 Cuspinianusf

241 2816 377 2888 invenit
396 2818 622 2914 omniumque
640 2816 775 2913 primus
793 2817 910 2890 edidit>
926 2826 961 2890 et
980 2817 1019 2888 in
1043 2817 1116 2912 quo'
1135 2816 1261 2910 singuli

241 2939 406 3015 Praefecti
423 2943 530 3015 Urbis
559 2943 603 3015 ab
631 2965 724 3015 anno
741 2943 817 3017 254
842 2967 954 3040 usque
973 2942 1018 3016 ad
1035 2965 1166 3014 annum
1188 2942 1261 3023 354

242 3074 469 3139 recensentur
485 3049 517 3138 3}
537 3067 718 3140 Interdum
742 3067 855 3161 modo,
880 3067 919 3138 in
933 3067 1128 3163 posteriore
1142 3065 1260 3163 quarti

240 3192 360 3263 saeculi
372 3200 543 3288 parte,'ex
553 3198 786 3288 temporeque
799 3189 998 3265 Praefectus
1009 3192 1159 3288 quisque
1175 3215 1261 3263 mu·-

241 3339 309 3387 nus
320 3317 473 3411 suscepit
492 3338 535 3387 ac
552 3316 727 3411 deposuit,
740 3313 933 3388 Praefectos
947 3315 1002 3388 bis
1023 3324 1123 3388 terve
1137 3314 1259 3389 eodem

240 3463 332 3512 anno
343 3448 494 3512 mutatos
504 3437 624 3530 fuisse,
635 3441 746 3513 variis
756 3440 841 3513 anni
850 3441 1078 3537 temporibus,
1097 3441 1261 3515 nuncka·

241 3564 365 3654 lendis,
399 3565 512 3653 nonis,
543 3564 659 3637 idibus
689 3565 857 3661 cujusque
884 3542 1036 3656 mensis,
1060 3590 1154 3638 nunc
1180 3576 1261 3641 ante

239 3689 423 3778 kalendae,
455 3713 579 3782 nonaS,
601 3692 679 3764 idus
699 3700 733 3764 et
751 3698 969 3767 sextantum
989 3692 1169 3766 mensibus
1199 3702 1261 3765 aut

247 4107 249 4113 .
270 4064 279 4097 1
296 4030 450 4122 Draclienh„
465 4079 543 4115 c.1v.
558 4064 682 4126 —Cor·s.‚
699 4038 801 4129 Proef.,
818 4083 843 4132 p.
859 4080 908 4119 xx.

270 4144 281 4178 ²
297 4143 381 4203 Cora,
393 4160 419 4211 p.
432 4159 467 4200 Lu.
737 4204 740 4210 4

271 4223 283 4260 ³
297 4225 407 4276 loannes
419 4224 597 4290 cuspinianus,
616 4229 825 4290 Proescetorum
837 4231 919 4281 Urbis
928 4231 1087 4281 indiculus.
