3128 5078
295 546 343 599 DE
360 547 535 600 orrlclts
555 547 778 601 MINORIBUS
795 546 842 599 ET
864 544 1148 598 OFFICIALIBITS
1195 547 1227 597 73

215 667 381 743 officiales
401 668 458 741 vel
474 666 671 741 Oeusuales
689 676 787 740 actus
812 690 934 740 omnes
955 668 1015 762 qui
1034 667 1226 741 in’Senatu

214 796 357 868 tractari
372 803 627 868 consueverant
636 771 858 866 celebrabant
870 792 896 880 ¹,
913 793 1110 867 absentium
1123 796 1229 867 Prae·

213 932 328 995 torum
352 932 388 997 et
405 922 628 1008 Quaestorum
650 943 797 994 munera
823 921 1048 1011 exhibebant,
1069 921 1227 1017 deposita

214 1049 308 1145 apud
327 1050 485 1145 officium
499 1050 669 1123 censuale
682 1047 831 1144 pecunia
848 1047 887 1118 in
905 1071 991 1120 usus
1010 1048 1171 1143 publicos
1190 1057 1225 1122 et

214 1177 487 1272 spectaculorum
500 1185 657 1272 sumptus
671 1174 905 1271 Impendenda
914 1170 940 1246 ².

260 1304 394 1377 Deinde
417 1303 572 1398 sequitur
599 1301 806 1375 Rationalis
829 1325 892 1374 seu
914 1302 1100 1374 Tribuuus
1122 1301 1228 1373 uiuo-

213 1455 311 1520 rum,
324 1428 703 1523 VirPerfectissiuaus,
713 1427 850 1522 corpori
858 1424 1228 1522 uiuarioruuc³atque

213 1575 307 1630 arcae
326 1553 477 1627 vinariae
495 1554 715 1650 praepositus,
734 1554 822 1624 utin
843 1552 981 1624 vinario
1000 1549 1077 1625 foro
1101 1552 1226 1624 vinum

213 1681 418 1755 canonicum
438 1680 530 1776 quod
548 1678 783 1774 provinciales
802 1680 952 1785 Romam
966 1679 1228 1776 comportabant

141 1858 144 1863 ·
213 1815 342 1880 statuto
358 1806 471 1901 pretio
490 1806 659 1878 venderet
675 1813 735 1877 aut
752 1813 916 1898 erogaret
931 1802 957 1876 ⁴.
980 1804 1046 1878 Cui
1064 1805 1229 1900 adjungi·

214 1941 272 2005 tur
296 1933 480 2005 Tribuuus
502 1933 580 2026 sori
602 1932 723 2004 suarii
739 1931 777 2002 in
797 1933 943 2032 regione
962 1933 1134 2028 septima,
1164 1956 1229 2005 seu

215 2059 274 2131 via
293 2058 380 2130 Lata
407 2055 421 2097 ⁵
446 2057 540 2129 unde
563 2056 720 2130 Ecclesia
750 2053 861 2130 sancti
888 2056 1026 2130 Nicolai
1045 2058 1081 2129 in
1103 2059 1230 2130 Porci-

214 2182 309 2255 libus
324 2191 446 2255 vocata
460 2191 514 2259 est
530 2179 560 2273 93
600 2183 635 2254 ui
661 2182 759 2255 carni
779 2181 892 2256 suillae
909 2183 1110 2257 coemendae
1126 2184 1229 2256 aesti-

214 2310 421 2405 mandaeque
437 2316 604 2405 praeerat,
618 2309 765 2405 ideoque
783 2309 932 2398 suariis,
947 2309 1082 2382 boeriis
1093 2332 1228 2405 pecua·

214 2442 569 2538 aiisquapraeoidebat
582 2440 607 2513 ⁷.
627 2443 823 2538 Postquem
837 2451 1112 2515 enumerantur:
1130 2440 1231 2515 Cou—
1324 2468 1327 2479 ·

212 2568 350 2639 cuiauis
371 2591 553 2656 aquarum
581 2568 635 2639 cui
659 2591 759 2665 aquae
780 2567 932 2663 publicae
958 2577 1063 2663 atque
1089 2566 1228 2640 venalis

214 2694 403 2787 erogandae
420 2715 506 2766 cura
527 2693 734 2767 demandata
761 2691 879 2767 fuerat
896 2691 927 2785 ⁸3
955 2693 1126 2799 Curatur
1142 2717 1231 2789 ope-

214 2841 301 2889 ruua
333 2819 582 2891 maenianorum
618 2817 662 2891 de
696 2818 822 2915 quibus
851 2841 977 2914 parurn
1009 2802 1230 2890 consentiunt

214 2944 422 3040 scriptores;
448 2943 612 3017 Curator
641 2968 794 3041 operum
820 2945 1082 3042 publicorum,
1113 2943 1231 3017 idest

214 3079 422 3142 caeterorum
444 3068 695 3160 aedificiorum
731 3069 895 3143 Curatur
927 3070 1147 3143 Statuaruua
1169 3070 1229 3167 qui

216 3196 319 3289 signa
344 3220 389 3269 ex
414 3219 487 3269 aere
524 3219 565 3269 ac
590 3218 765 3268 marmore
790 3195 827 3266 in
860 3194 948 3269 ioris
975 3195 1099 3269 aliisve
1122 3195 1229 3267 Urbis

216 3320 302 3393 locis
321 3330 437 3394 erecta
453 3321 608 3410 curabat,
625 3331 799 3417 noctuque
811 3344 891 3393 cum
904 3319 1019 3394 officio
1030 3344 1093 3393 suo
1104 3319 1230 3392 obser-

247 3683 256 3718 1
276 3679 368 3742 eccl,
384 3680 416 3740 II,
424 3695 449 3744 p.
467 3679 512 3729 193
522 3685 548 3729 et
561 3694 630 3744 seqq.

247 3761 258 3796 ²
276 3763 338 3814 dod.
358 3763 469 3816 chod..
482 3760 526 3820 VI,
539 3759 578 3810 tit.
592 3759 617 3822 2,
634 3759 650 3808 l.
663 3757 748 3819 5;VI,
762 3756 801 3807 tit.
814 3758 842 3817 43
854 3756 923 3817 XIII,
939 3758 978 3807 tit.
992 3757 1029 3807 10.

252 3842 264 3878 ³
281 3841 373 3899 Boou,
384 3844 414 3903 a,
428 3858 451 3906 p.
465 3840 518 3891 195.

246 3925 257 3959 ⁴
275 3923 383 3987 Syram,
398 3923 414 3972 l.
428 3923 461 3984 X,
471 3922 590 3986 passim.

247 4007 259 4040 ⁵
276 4003 366 4063 Prell.,
377 4019 401 4068 p.
418 4003 457 4053 12.

247 4087 362 4145 tltia,
379 4102 403 4151 p.
420 4083 474 4134 llo.

248 4169 259 4204 ⁷
278 4170 340 4219 aad.
359 4168 469 4225 Thead,
481 4164 549 4227 XIV,
565 4165 605 4216 tit.
621 4167 645 4226 I,
656 4164 692 4214 De
707 4165 808 4216 suariis.
820 4193 850 4201 —
860 4165 980 4216 Nooetloe
997 4165 1118 4225 Valeat,
1134 4162 1179 4223 III,
1190 4161 1230 4215 35.

249 4249 261 4284 ⁸
278 4245 675 4309 Gors.‚xnv1-xnv11.-aoel.‚
692 4246 723 4297 u.
737 4262 761 4311 p.
774 4246 813 4305 15,
829 4261 853 4309 p.
867 4245 919 4295 197.
