3128 5078
523 526 570 576 DE
593 527 969 579 ADMINISTRATIONE
1225 531 1256 577 55

243 648 449 740 aurigarum
467 669 708 743 equorumque
722 649 896 744 praecipua
915 649 972 721 vel
989 648 1118 720 delicta
1150 672 1255 720 scru-
1366 716 1368 721 ,

245 783 323 845 tans
350 771 374 844 ¹.
409 771 527 856 »Quo
554 772 681 846 melius
710 771 791 845 huic
829 772 951 869 populi
989 771 1101 845 studio
1135 774 1257 844 inser·
1346 793 1348 797 ·

245 899 395 988 vitetur,
413 901 589 972 Praetores
616 924 659 973 ex
681 899 805 973 ordine
821 898 1008 971 candidato
1028 898 1201 992 designati
1222 906 1256 971 et

245 1023 444 1108 Quaestores
474 1047 619 1097 munera
655 1024 759 1097 edere
794 1024 1009 1119 cogebantur
1040 1048 1103 1120 pro
1132 1024 1258 1120 quibus

245 1149 415 1220 maximos
434 1126 594 1244 sumptus
609 1147 783 1222 faciebant
801 1150 828 1238 ²,
851 1150 1037 1245 aliquando
1060 1148 1163 1223 etiam
1187 1158 1258 1222 tota

243 1273 456 1369 patrimonia
495 1260 745 1349 consumebant
757 1301 767 1367 ;
806 1276 856 1347 ita
895 1283 932 1346 ut
971 1284 1068 1347 certa
1100 1273 1259 1367 pecuniae

243 1423 378 1472 summa
405 1399 485 1494 lege
512 1402 696 1474 constituta
723 1399 830 1474 fuerit
861 1424 966 1496 quam
996 1399 1167 1474 excedere
1190 1406 1259 1472 uon

243 1524 367 1599 liceret
383 1524 407 1596 ³.
430 1527 565 1614 Quibus
589 1529 680 1600 ludis
705 1536 765 1599 aut
788 1526 993 1622 spectaculis
1012 1527 1078 1596 rite
1098 1525 1260 1621 splendi-

242 1652 354 1750 deque
380 1653 600 1752 celebrandis
627 1652 820 1725 Praefectus
839 1651 1054 1747 praesidebat
1076 1661 1111 1724 et
1131 1674 1258 1725 cavere

243 1779 389 1851 debebat
403 1802 447 1851 ne
458 1781 537 1875 quis
544 1778 660 1875 populi
672 1779 832 1853 laetitiam
846 1789 950 1877 atque
964 1778 1070 1852 Urbis
1079 1780 1259 1874 tranquil-

236 1906 373 1978 litatem
400 1905 622 2000 perturbaret
640 1929 731 1978 neue
753 1907 843 1978 rixae
862 1928 1067 2001 pugnaeque*
1081 1914 1253 1998 cruentae,

240 2039 383 2126 propter
401 2031 516 2102 studia
534 2040 684 2126 quatuor
694 2031 954 2103 notissimarum
968 2029 1171 2118 factionum,
1186 2032 1257 2103 cie-
1311 2100 1314 2106 .

241 2163 363 2227 rentur
374 2153 406 2245 ⁵3
422 2154 570 2250 ideoque
585 2157 712 2251 saepius
726 2157 919 2249 agitatores
930 2157 1106 2228 circenses
1125 2156 1254 2228 aliosve

242 2281 410 2352 tumultus
424 2290 587 2354 auctores
602 2282 679 2376 rapi
695 2264 840 2376 jubebat
859 2291 963 2378 atque
972 2282 1015 2355 de
1030 2283 1074 2353 iis
1084 2283 1121 2353 in
1137 2305 1254 2354 secre-

241 2405 328 2476 tario
345 2404 438 2492 circi,
457 2406 581 2500 procul
604 2429 625 2476 a
646 2414 831 2502 conspectu
848 2406 1041 2495 hominum,
1066 2416 1144 2502 post
1169 2430 1252 2478 cer-

240 2533 379 2604 taminis
398 2539 545 2628 tempus,
563 2529 770 2625 supplicium
787 2528 977 2602 sumebatl.

286 2658 366 2729 Non
404 2658 505 2729 modo
532 2658 569 2727 in
587 2657 700 2735 ,circis
728 2664 762 2727 et
790 2656 937 2728 theatris
966 2657 1028 2728 sed
1056 2658 1162 2729 etiam
1191 2682 1254 2752 per

238 2809 358 2857 omnes
383 2783 538 2858 civitatis
568 2783 732 2876 regiones
767 2804 807 2852 ac
842 2781 938 2852 vicos
982 2780 1043 2852 diu
1078 2789 1254 2877 noctuque

236 2908 455 3004 popularium
476 2909 573 3005 quies
599 2908 643 2980 ad
663 2890 883 2980 Praefectum
896 2906 1004 2978 Urbis
1021 2907 1220 3002 pertinebat
1242 2933 1249 2978 :

237 3035 291 3105 cui
318 3056 436 3106 curam
454 3034 686 3130 Imperatores
702 3032 932 3127 injunxerant
949 3040 986 3103 ut
1010 3033 1256 3128 circumspice-

237 3170 290 3233 ret
308 3184 352 3232 ne
366 3170 477 3232 coetus
495 3183 641 3255 usquam
657 3158 817 3246 illicitus,
839 3157 1084 3229 haereticorum
1103 3158 1254 3253 exempli

236 3288 366 3382 gratia,
391 3287 451 3359 uel
467 3289 505 3359 in
521 3286 658 3382 publico
676 3284 735 3358 vel
756 3285 793 3355 in
811 3283 959 3380 privatis
976 3282 1111 3354 aedibus
1140 3284 1254 3357 habe-

236 3422 346 3498 retur,
372 3420 501 3484 statuta
516 3411 802 3483 condemnatione
822 3419 962 3482 centum
974 3409 1146 3481 librarum
1171 3413 1251 3485 auri

230 3807 235 3814 '
266 3800 421 3861 ¹Amm.,L
437 3800 507 3860 XlV,
522 3816 545 3849 c.
564 3815 602 3849 vr.-

265 3883 277 3917 2
295 3882 358 3931 cod.
375 3883 486 3940 Theoti„
498 3880 542 3938 Vl,
558 3880 597 3928 tit.
611 3879 635 3937 4,
648 3880 683 3928 De
696 3878 856 3942 praetoribus
872 3874 1025 3928 Paratitlon.
1156 3895 1159 3901 ·

264 3962 276 3997 3
292 3964 399 4025 symm,
414 3962 431 4010 l.
447 3961 495 4020 IX,
506 3976 545 4024 ep.
566 3961 619 4009 115.
1107 3961 1110 3965 '

264 4045 274 4079 4
292 4041 375 4102 Gors,
391 4057 416 4105 p.
432 4056 485 4091 xur.

265 4122 276 4157 ⁵
293 4122 362 4186 Ulp,
376 4118 415 4172 Do
426 4120 510 4172 officio
523 4120 599 4170 Praef.
613 4121 677 4169 Urb.

265 4203 479 4274 6Cors.‚p.x1a.
509 4271 512 4277 Ι
