3128 5078
428 1548 681 1651 ,curun
725 1546 993 1647 Paruum
1111 1532 1117 1541 ’

338 1814 597 1886 ΒΕιΡΒΕΕΕῦἮ
620 1837 822 1883 stantunus
845 1836 886 1880 ΕΤ
909 1835 1127 1881 INSIGNIBUS

272 2174 438 2247 Omnium
462 2176 671 2272 dignitatum
700 2187 771 2251 tam
795 2176 952 2249 civilium
976 2199 1080 2274 quam
1110 2176 1243 2250 milita-

223 2301 314 2371 rium
332 2309 449 2374 certus
472 2312 550 2376 erat
575 2304 661 2376 ordo
678 2327 699 2376 a
716 2304 931 2378 Diocletiano
954 2313 989 2378 et
1012 2304 1242 2376 Constantino

223 2429 466 2525 praescriptum
486 2429 533 2503 ita
548 2439 587 2502 ut
602 2455 666 2527 per
681 2431 803 2503 varios
817 2430 951 2526 gradus
962 2429 1243 2504 exinterioribus

223 2552 267 2624 ad
295 2534 494 2649 superiores
525 2555 786 2628 ascenderetur.
817 2556 859 2628 ln
888 2579 957 2652 qua
979 2579 1079 2651 paene
1105 2554 1243 2627 infinita

222 2687 432 2773 potestatum
449 2690 496 2768 ,et
532 2679 712 2754 titulorum
741 2682 944 2755 recensione
980 2682 1094 2777 primo
1118 2680 1267 2752 ordine

223 2812 328 2900 atque
352 2805 443 2878 iuter
467 2806 614 2879 altiores
625 2806 761 2900 judices
781 2830 824 2879 ex
842 2806 1020 2879 universis
1036 2804 1244 2901 scriptorum

148 2978 153 2987 ·
224 2937 284 3002 aut
302 2942 607 3004 monumentorum
626 2926 836 3005 testimoniis
854 2927 1047 3003 Praefectus
1063 2927 1152 3002 Urbi
1171 2926 1244 2999 ool-

223 3055 360 3130 locatur
388 3081 396 3128 :
428 3079 508 3152 quae
541 3057 659 3130 omnia
689 3057 887 3131 testimonia
919 3056 1146 3128 dinumerare
1173 3075 1241 3125 non

224 3180 317 3268 licet,
339 3179 403 3254 sed
423 3180 600 3276 praecipua
622 3190 758 3253 tantum
789 3180 832 3252 ob
855 3180 972 3252 oculos
997 3201 1141 3274 ponere.

200 3402 205 3409 .
272 3307 320 3378 Ut
339 3304 384 3378 ab
397 3303 639 3401 Augustorum
657 3305 797 3401 legibus
814 3305 980 3378 exordiar
1001 3305 1059 3400 qui
1078 3312 1161 3375 tunc
1180 3301 1244 3374 soli

219 3432 281 3524 jus
317 3430 437 3524 legum
468 3430 730 3503 condendarum
766 3453 788 3504 a
820 3429 948 3527 populo
980 3428 1025 3501 ad
1061 3427 1244 3522 Principes

93 3626 96 3631 ,
223 3555 433 3628 translatum
450 3554 638 3645 habebant,
659 3555 751 3652 apud
770 3554 931 3628 Codicem
947 3553 1240 3642 Theodosium,

222 3681 259 3750 in
291 3689 387 3753 sexto
415 3679 519 3779 libro,
550 3689 621 3753 toto
653 3681 699 3753 ad
729 3680 919 3777 dignitates
952 3698 1144 3775 earumque
1184 3678 1245 3749 di-

97 3883 99 3888 ,
160 3861 163 3866 .
224 3804 375 3876 visiones
406 3826 448 3876 ac
480 3806 613 3900 species
639 3805 848 3900 pertinente,
882 3827 951 3877 una
988 3805 1243 3900 imperatorum

223 3929 479 4019 Valentiniani,
510 3928 670 4002 Valentis
697 3938 732 4003 et
764 3931 926 4003 Gratiani
955 3930 1168 4018 constitutio,
1199 3928 1243 3999 ad

223 4054 422 4149 Ampelium
445 4052 655 4128 Praefectum
683 4055 790 4127 Urbis
812 4057 937 4129 Romae
962 4055 1243 4161 directa,repe-

224 4179 328 4267 ritur,
350 4202 417 4274 qua
437 4204 596 4251 summus
615 4180 721 4273 juxta
737 4179 931 4253 Praefectos
955 4181 1126 4251 Praetorio
1146 4177 1242 4250 locus
