3128 5078
524 514 900 579 onauarsmomous
1196 513 1228 563 aa
1272 538 1277 548 -

169 638 174 645 x
211 667 327 744 esset;
348 658 501 754 denique
527 681 570 730 ex
597 656 793 729 interdictis
813 665 848 729 et
863 656 1062 746 interdicto,
1087 656 1131 729 de
1149 679 1229 727 mo-

211 785 320 857 menti
328 780 578 856 reformatione
591 780 616 871 ¹,
633 806 697 880 seu
715 783 886 854 bonorum
899 782 1117 878 possessione
1126 782 1230 853 Prae-

211 911 323 987 fectus
360 910 537 1001 audiebat,
559 912 608 984 ita
638 920 676 983 ut
716 912 754 982 in
787 911 882 982 omni
912 910 1041 982 civium
1065 911 1139 983 vita
1167 908 1230 980 vix

211 1036 322 1110 ullum
348 1045 484 1132 tempus
518 1037 676 1132 reperire
706 1058 816 1133 queas
851 1037 944 1132 quod
976 1034 1041 1108 sub
1067 1033 1230 1109 Praefecti

211 1160 418 1259 potestatem
435 1185 506 1233 non
524 1162 636 1235 eadat.

259 1290 312 1372 De
332 1288 467 1361 artibus
481 1312 620 1385 quoque
638 1290 798 1383 magicis,
820 1289 869 1362 de
882 1288 1076 1380 maleficiis,
1093 1268 1233 1363 venefi-
1284 1337 1288 1343 -

212 1414 273 1487 ciis
304 1424 339 1488 et
372 1414 571 1487 mathemat
549 1414 641 1503 treis,
680 1413 724 1487 de
764 1414 962 1504 haereticis,
1001 1415 1178 1489 schismat
1155 1417 1232 1489 t1cis

213 1540 442 1637 omnibusque
464 1539 606 1612 violatae
625 1540 820 1634 Religionis
838 1543 907 1614 reis
927 1542 1061 1638 Deique
1083 1542 1234 1615 immor-

213 1665 296 1741 talis
336 1652 665 1761 contemptoribus,
683 1674 848 1762 tanquam
875 1667 1032 1740 hostibus
1059 1666 1230 1763 publicis,

214 1788 408 1864 Praefectus
435 1771 589 1863 urbanus
617 1790 833 1887 disceptabat
851 1788 892 1863 ²:
915 1784 994 1888 quae
1018 1794 1234 1887 cognitiones

152 1983 154 1987 ,
214 1917 279 1990 hoc
288 1926 444 2012 ternpore
457 1914 752 2012 frequentissimae
760 1914 917 2007 fuerunt,
928 1918 1129 2014 praesertim
1142 1896 1238 2014 apud¹

214 2043 414 2131 Senatores,
437 2050 581 2137 propter
607 2042 794 2115 dissolutos
816 2067 931 2116 mores
952 2045 1109 2140 ritusque
1128 2067 1236 2117 arca*

215 2179 337 2243 nos'ex
356 2171 532 2244 Orientea
547 2169 652 2242 tertio
665 2178 744 2265 post
758 2169 935 2243 Christum
954 2179 1078 2242 natum
1091 2170 1232 2258 saeculo,

215 2295 393 2368 ut'ritibus
409 2295 611 2367 christianis
630 2304 903 2390 opponerentur,
918 2296 1066 2368 Romam
1077 2292 1236 2370 transla-

215 2430 267 2494 tos
291 2418 322 2513 ³3
352 2420 542 2517 inquibus
572 2420 687 2493 causis
721 2419 909 2494 Senatores
932 2421 1013 2516 ipsi,
1050 2420 1235 2524 quaestioni

216 2555 251 2620 et
284 2547 466 2619 tormentis
494 2554 595 2620 extra
631 2548 789 2619 ordinem
818 2545 999 2637 submissi,
1028 2546 1236 2643 plerumque

217 2682 343 2762 morte,
360 2674 470 2745 atroci
488 2672 609 2766 legum
631 2670 834 2761 severitate,
857 2667 1026 2767 tanquam
1040 2671 1137 2744 laesae
1156 2694 1237 2743 ma·

213 2799 351 2893 jestatis
366 2798 433 2884 rei,
444 2799 684 2893 plectebantur
701 2797 727 2870 Ι.
751 2799 1063 2888 Quemadmodum,
1078 2800 1117 2870 in
1131 2789 1244 2871 ante?

217 2921 368 2995 rioribus
386 2922 537 3014 saeculis,
558 2924 750 3014 christiani,
768 2924 913 2998 deorum
930 2933 1183 3020 contemptores
1202 2934 1236 2996 et

218 3049 342 3119 odium
358 3051 507 3142 pencris
531 3049 698 3138 bumont,
720 3075 853 3124 vesano
866 3045 988 3124 furore
1004 3060 1107 3147 atque
1120 3052 1236 3124 incre-

218 3173 315 3245 dibili
328 3171 466 3246 feritate
482 3175 655 3271 inquisiti,
674 3177 774 3248 miris
787 3178 1036 3273 suppliciorum
1045 3176 1235 3271 generibus

218 3319 259 3370 ac
276 3298 468 3372 inhumana
486 3300 694 3395 crudelitate
714 3301 851 3395 laniati,
872 3304 917 3375 ad
935 3300 1100 3375 Praefecti
1118 3301 1235 3374 tribu-

219 3422 280 3494 nal
296 3421 427 3497 deferri
458 3424 636 3519 solebant3
668 3428 761 3501 unde
785 3436 835 3501 tot
852 3425 1106 3507 Praefectorum
1124 3407 1233 3500 Urbis

247 3682 343 3748 ¹Dig..
361 3685 378 3738 Ι,
395 3684 484 3748 XLlll,
499 3687 579 3745 ΙΙΙ.,1,
601 3687 619 3738 Ι.
637 3688 676 3738 16.
696 3716 724 3725 -
741 3691 805 3740 God.
827 3691 938 3750 Theod„
955 3690 1001 3749 IV,
1020 3690 1059 3739 tit.
1072 3690 1112 3740 22,
1130 3718 1159 3727 -
1185 3690 1231 3747 ΧΙ,

216 3762 255 3815 tit.
272 3763 310 3814 37.
327 3793 355 3802 —
372 3766 439 3825 Vlll,
454 3768 494 3817 tit.
510 3769 533 3817 l.
552 3797 580 3805 -
598 3768 708 3832 Symm,
720 3769 737 3818 Ι.
750 3770 785 3827 X,
797 3785 836 3834 ep.
850 3769 888 3824 48.

217 3842 359 3973 0²Gass,
378 3849 454 3907 Ver,
463 3849 508 3907 IV,
523 3848 563 3898 22
582 3878 610 3886 -
627 3850 724 3911 Amm„
738 3851 754 3903 Ι,
774 3850 868 3908 XXVI,
882 3867 904 3900 c
915 3867 952 3901 111.
970 3881 999 3889 -
1015 3853 1099 3911 loia,
1114 3851 1232 3912 xxvul,

288 3930 397 3981 -God
409 3931 519 3988 Ilteool,
535 3930 605 3984 XVI
616 3930 654 3979 De
665 3930 807 3992 Maleficns
818 3931 855 3981 De
870 3932 1014 3993 Haereticis,
1027 3934 1064 3982 De
1074 3932 1231 3981 Manrchaers

217 3938 322 4057 -ICod
336 4010 419 4068 Just,
431 4010 495 4067 l‚t
464 4010 504 4060 tit.
519 4010 553 4071 5,
565 4011 616 4059 De
622 4012 757 4062 Haeretrcrs
769 4018 794 4061 et
806 4012 1006 4064 Mamehaers
1019 4013 1063 4071 lX,
1079 4013 1119 4063 tit.
1133 4013 1183 4071 18.,
1195 4015 1232 4062 De

217 4084 340 4135 Maleficis
354 4092 379 4136 et
394 4087 620 4165 Mathematiciset
632 4092 733 4141 caeteris
744 4091 878 4143 similibus.

247 4164 299 4215 ³J
315 4166 344 4214 Β.
360 4165 449 4226 Rossi,
465 4172 515 4220 loc.
530 4171 608 4220 laud.
624 4184 724 4234 supra

249 4247 259 4281 Ι
276 4245 362 4307 Cass,
380 4249 457 4307 Ver„
475 4249 536 4299 ibid.
