3128 5078
705 1595 921 1676 CAPUT
949 1600 1042 1694 VII

657 1816 702 1860 bn
717 1816 877 1860 ANNONIS
898 1817 1088 1861 PRAEFncrt
1114 1861 1120 1873 Δ

411 2081 540 2155 Omnes
550 2082 774 2174 magistratus
784 2080 876 2176 apud
886 2081 1054 2176 antiquos
1067 2082 1244 2154 Romanos
1260 2107 1383 2155 mune·

364 2205 459 2279 ribus
476 2206 624 2303 publicis
641 2207 796 2303 gratuito
821 2205 1083 2302 fungebantur3
1105 2207 1149 2279 iis
1163 2215 1298 2280 tanturn
1318 2208 1380 2304 qui

363 2341 464 2405 entra
477 2335 625 2407 Romam
644 2343 679 2407 et
693 2335 829 2407 ltaliam
844 2333 881 2406 in
905 2334 1105 2430 provincias
1123 2332 1382 2407 administran-

362 2460 425 2531 das
445 2459 671 2534 mittebantur
693 2485 737 2533 ex
751 2460 889 2552 aerario,
916 2459 1046 2533 rasarii
1071 2459 1226 2550 nomine,
1248 2458 1376 2551 mulae,

362 2587 599 2673 tabernacula,
620 2586 796 2677 vehicula,
817 2596 948 2673 vestes,
970 2585 1108 2675 annuli,
1128 2584 1380 2682 cibariaatque

359 2713 466 2785 etiarn
480 2736 606 2785 aurum
620 2721 654 2785 et
669 2709 1141 2809 argentumpraebebantur¹.
1158 2711 1245 2795 Quae
1258 2719 1371 2784 extra·

359 2839 549 2912 ordinariae
568 2840 840 2933 magistratuum
858 2859 1008 2910 annonae
1027 2837 1071 2910 ab
1089 2837 1260 2930 Auguste,
1283 2837 1379 2908 Mae-

359 2965 492 3038 conatis
521 2964 675 3056 consilio,
708 2963 897 3036 ordinariae
923 2962 1071 3036 decretae
1099 2971 1188 3063 sunt
1213 2970 1377 3058 certoque

359 3090 470 3185 pretio
489 3089 671 3162 aestimatae
684 3064 756 3180 {ita
767 3097 884 3161 tamen
897 3097 935 3160 ut
949 3111 1013 3183 pro
1027 3087 1197 3182 dignitate
1216 3095 1251 3160 ct
1275 3086 1377 3159 ordi-

358 3214 413 3286 nis
424 3214 540 3309 gradu
557 3214 667 3288 variae
679 3223 808 3305 essent,
829 3213 875 3286 iis
885 3213 1036 3309 exceptis
1047 3215 1105 3310 qui
1116 3215 1209 3310 apud
1223 3215 1374 3287 Romam

358 3342 600 3435 magistratum
631 3339 803 3435 gerebant
829 3337 867 3410 ²:
903 3339 1100 3435 dequibus
1133 3339 1281 3412 annonis
1313 3338 1374 3411 vel

387 3575 396 3609 1
414 3572 563 3635 Mommsen,
578 3574 741 3627 Romisches
762 3576 946 3636 Staotsrecbt‚
968 3574 1058 3625 Erstcr
1073 3574 1153 3637 Band‚
1171 3575 1282 3641 Leipzig,
1301 3576 1370 3627 1871,

354 3658 587 3720 *manistrata'sche
595 3660 802 3718 Emolumenta,
810 3673 835 3721 p.
847 3655 895 3707 239
903 3662 929 3708 et
939 3673 1009 3723 seqq.
1019 3658 1178 3719 -Zonaras‚
1187 3659 1205 3708 I.
1219 3654 1286 3718 VIII,
1297 3673 1320 3708 c.
1332 3673 1368 3710 vr.

353 3741 438 3796 Τοῖςτε
455 3740 560 3805 ἄρχουσι
576 3745 627 3798 τοῖς
650 3740 784 3803 ἐκδημοῦσι
800 3741 843 3790 καὶ
865 3744 916 3798 τοῖς
937 3742 1017 3799 ἄλλοις
1033 3745 1084 3800 τοῖς
1106 3743 1172 3793 κατὰ
1181 3760 1205 3791 τι
1220 3747 1322 3807 πρᾶγμα
1339 3747 1369 3805 τῇ

353 3821 423 3870 πόλει
437 3821 554 3886 διάφερον
570 3821 661 3879 ἐξιοῦσι
675 3823 735 3872 τάτε
753 3824 815 3872 ἄλλα
830 3823 863 3872 τὰ
877 3824 1001 3886 ἀναγκαῖα
1018 3820 1060 3874 tat
1076 3823 1205 3881 δακτύλιος
1221 3824 1249 3874 ἐκ
1264 3829 1309 3873 τοῦ
1325 3824 1369 3882 δη·

354 3903 442 3965 coctos
455 3902 560 3954 ἐδίδοτο.
579 3930 606 3937 -
624 3901 770 3964 D‘mnysius,
780 3901 796 3951 1.
813 3901 885 3959 XIX,
899 3917 922 3956 c,
934 3915 980 3951 xv.
999 3931 1030 3940 -
1046 3902 1110 3966 Cic,
1127 3906 1227 3967 Doleo.
1238 3905 1368 3967 auraria,

353 3982 385 4039 II,
401 3981 444 4041 133
467 3984 557 4041 Versa,
570 3981 616 4042 IV,
628 3982 651 4031 5.

383 4073 394 4108 ²
411 4073 491 4135 Suet,
514 4078 601 4137 Auo„
620 4073 659 4124 36.
678 4093 691 4118 ιι
711 4072 809 4124 Auctor
832 4073 908 4128 suit...
930 4081 958 4124 ut
976 4073 1167 4140 proconsulibus
1188 4074 1221 4125 ad
1244 4074 1326 4136 mulos
1341 4081 1366 4127 et

351 4155 516 4209 tabernacula
530 4172 587 4220 quae
598 4156 699 4222 publice
708 4155 785 4205 locari
796 4156 919 4218 solebant,
933 4162 1002 4206 certa
1015 4158 1121 4222 pecunia
1130 4157 1334 4208 constitueretur.
1351 4178 1365 4204 ι
1445 4194 1453 4205 ,
1516 4216 1517 4223 ¹

351 4237 456 4297 ——Di0.,
467 4237 485 4287 l.
501 4238 567 4298 LIII,
578 4254 601 4286 c.
614 4251 662 4288 κν.
672 4240 720 4288 Καὶ
734 4239 763 4288 τὸ
778 4239 929 4305 μισθοφορὰν
943 4241 985 4290 καὶ
996 4240 1098 4298 ἐκείνοις
1109 4242 1151 4290 καὶ
1165 4245 1216 4298 τοῖς
1232 4227 1312 4299 ἄλλοις
1324 4242 1364 4291 δέ·
1403 4300 1407 4308 ι
