3128 5078
320 533 352 583 no
555 533 604 584 nn
623 522 911 585 anrucruun
936 533 1106 586 nunnus

322 671 446 761 tribus,
461 678 521 742 aut
535 671 651 743 minus
665 672 785 760 etiam,
807 672 1053 765 magistratum
1071 670 1227 765 gessisse
1238 693 1356 742 cons-

321 796 449 893 picitur
462 795 488 887 ¹,
506 796 798 893 quemadmodum
812 798 849 870 in
857 796 1046 870 Consulatu
1055 795 1191 870 suffecti
1202 795 1354 868 Consu-

321 921 372 993 les
396 928 475 1016 post
499 920 698 994 ordinarios
714 920 832 995 induci
848 929 1043 1016 coeperunt.
1070 918 1237 994 Vicissim
1257 943 1350 993 vero

320 1048 412 1121 idem
424 1044 632 1135 Praefectus,
653 1056 737 1120 tunc
751 1048 870 1140 etiam,
882 1071 945 1143 per
961 1048 1081 1143 plures
1097 1044 1224 1137 anuos,
1242 1058 1282 1121 ut
1300 1071 1351 1121 ex

320 1173 505 1246 Ammiano
528 1174 737 1269 caeterisque
749 1173 978 1269 scriptoribus
994 1174 1181 1248 coaetaneis
1197 1182 1233 1247 et
1248 1193 1353 1244 mar-

320 1296 593 1393 moribusplaue
603 1298 782 1372 erudimur
795 1295 823 1385 2,
835 1300 911 1372 sive
927 1301 1123 1389 continuos,
1141 1299 1220 1372 sive
1231 1299 1351 1371 inter-

321 1430 443 1518 ruptos
454 1446 495 1495 eo
508 1421 641 1496 honore
655 1423 864 1519 potiebatur,
887 1424 938 1497 ita
963 1433 1003 1496 ut
1026 1425 1064 1495 in
1078 1423 1266 1496 titulorum
1284 1445 1352 1494 re-

320 1548 486 1621 censione
499 1548 675 1645 lapidibus
687 1550 800 1622 incisa
813 1551 940 1645 saepius
950 1546 1167 1622 Praeieotum
1179 1548 1268 1620 Urbi
1279 1547 1345 1636 bis,

318 1673 648 1764 secundanorum,
662 1674 826 1763 tertium,
841 1675 948 1747 etiam
957 1683 1132 1770 quartum
1146 1672 1307 1766 legamus
1316 1670 1342 1744 ³.

319 1798 418 1887 Mox,
440 1797 505 1870 sub
530 1798 726 1870 Gothorum
748 1797 893 1901 regibus
927 1821 1007 1883 mos*
1027 1794 1258 1870 Praefecturae
1277 1819 1348 1870 au-

319 1944 402 1993 nuae
430 1930 466 1993 et
490 1944 553 2017 per
576 1921 785 1994 indictiones
814 1921 950 1994 collatae
967 1944 1110 1994 rursum
1135 1921 1346 1995 observatus

322 2043 476 2134 videtur,
493 2054 528 2118 et
546 2042 727 2134 Praefecti,
749 2045 859 2119 veluti
882 2044 1065 2137 Consules
1095 2045 1345 2139 magistratum

318 2168 494 2243 Kalendis
512 2170 694 2243 ianuariis
718 2171 893 2266 auspicari
924 2169 1083 2243 solebant
1096 2169 1122 2241 ⁴.
1151 2169 1219 2254 Qui
1240 2170 1348 2241 Prae-

325 2299 498 2374 fectornm
521 2295 630 2369 Urbis
656 2295 768 2387 Fasti,
799 2294 890 2367 sicut
925 2293 1128 2384 Consulum,
1160 2294 1344 2383 AEdilium,

318 2427 555 2512 Quaestorum‚
588 2420 882 2513 Duumvirorum‚
907 2419 1241 2516 Quinquennalium,
1266 2444 1348 2493 om-

318 2553 489 2648 niumque
506 2548 777 2642 magistratuum
804 2546 863 2619 vel
880 2546 1080 2618 infimorum
1097 2546 1181 2619 olim
1199 2546 1238 2617 in
1254 2547 1348 2619 scri-

318 2678 387 2751 niis
403 2671 633 2749 Praeiectnrae
649 2670 795 2743 urbanae
810 2678 904 2742 certe
928 2670 1139 2743 exstiterunt
1154 2693 1177 2744 a
1196 2671 1343 2766 quibus,

318 2800 426 2875 veluti
446 2797 557 2887 fonte,
583 2795 696 2869 series
730 2782 823 2881 aliae,
848 2816 920 2865 nou
941 2794 1124 2886 integrum
1154 2818 1256 2889 opus,
1282 2795 1347 2868 sed

318 2925 464 3019 majoris
472 2920 675 3015 integrique
692 2916 809 3012 operis
825 2912 1040 3009 fragmenta,
1053 2915 1227 2989 derivatae
1244 2926 1342 3007 sunt,

316 3050 458 3124 omuino
476 3055 595 3118 tamen
615 3043 716 3115 uobis
734 3039 967 3122 desideranda
984 3038 1051 3110 hac
1072 3040 1212 3134 publica
1237 3050 1343 3137 atque

316 3179 457 3268 integra
469 3165 726 3244 Praeiectorum
745 3165 836 3237 serie
854 3163 924 3236 rite
940 3172 1101 3237 contexta
1124 3188 1205 3260 quae
1223 3165 1345 3261 pluri-

316 3324 413 3374 mum
446 3296 534 3371 lucis
568 3287 800 3365 Praefecturae
837 3286 984 3359 urbanae
1019 3287 1178 3359 historiae
1212 3289 1345 3365 afferre

317 3432 446 3522 posset.

351 3745 538 3805 ¹Anonymus,
560 3740 770 3798 Praefecturum
794 3733 876 3783 Urbis
886 3732 1038 3782 Iudicatur
1055 3733 1090 3781 in
1111 3733 1221 3783 Groeoii
1235 3738 1343 3785 Romo*

319 3838 429 3878 narum
444 3819 663 3882 Antiquitatum
680 3816 832 3870 Thesauro,
849 3816 912 3864 tom.
930 3811 975 3870 XI,
998 3815 1024 3860 et
1040 3811 1205 3874 dathon-edi
1219 3815 1344 3865 iiteodo-

319 3903 608 4040 stunffiftffivss,
619 3988 642 4023 o.
650 3987 678 4023 x.
694 3990 708 4017 c
719 3969 919 4020 Administrante
930 3968 1066 4019 secuudum
1077 3969 1160 4019 adhuc
1173 3972 1260 4021 Orsito
1268 3973 1343 4023 Prae·

319 4070 474 4118 secturam...
488 4081 503 4107 s
650 4134 656 4145 ·

350 4150 362 4186 3
378 4141 561 4199 Oceli-Hera„
573 4146 694 4199 passam.

351 4229 361 4264 ⁴
379 4225 463 4282 Cass,
482 4216 617 4275 Vor.,VI‚
630 4214 654 4264 4.
