<?xml version="1.0" encoding="UTF-8"?>
<!DOCTYPE html PUBLIC "-//W3C//DTD XHTML 1.0 Transitional//EN"
    "http://www.w3.org/TR/xhtml1/DTD/xhtml1-transitional.dtd">
<html xmlns="http://www.w3.org/1999/xhtml" xml:lang="en" lang="en">
 <head>
  <title>
</title>
<meta http-equiv="Content-Type" content="text/html;charset=utf-8" />
  <meta name='ocr-system' content='tesseract 3.04.00' />
  <meta name='ocr-capabilities' content='ocr_page ocr_carea ocr_par ocr_line ocrx_word'/>
</head>
<body>
  <div class='ocr_page' id='page_1' title='image "./depraefecturaur00logoog_0117.png"; bbox 0 0 3128 5078; ppageno 0'>
   <div class='ocr_carea' id='block_1_1' title="bbox 365 528 1141 586">
    <p class='ocr_par' dir='ltr' id='par_1_1' title="bbox 365 528 1141 586">
     <span class='ocr_line' id='line_1_1' title="bbox 365 528 1141 586; baseline -0.006 0"><span class='ocrx_word' id='word_1_1' title='bbox 365 534 409 586; x_wconf 84' lang='grc'>101</span> <span class='ocrx_word' id='word_1_2' title='bbox 597 531 646 584; x_wconf 76' lang='lat' dir='ltr'>Db}</span> <span class='ocrx_word' id='word_1_3' title='bbox 664 529 950 583; x_wconf 72' lang='lat' dir='ltr'>PRAEFECTURA</span> <span class='ocrx_word' id='word_1_4' title='bbox 973 528 1141 582; x_wconf 79' lang='lat' dir='ltr'>URBANA</span> 
     </span>
    </p>
   </div>
   <div class='ocr_carea' id='block_1_2' title="bbox 310 626 1377 3765">
    <p class='ocr_par' dir='ltr' id='par_1_2' title="bbox 310 626 1377 3765">
     <span class='ocr_line' id='line_1_2' title="bbox 311 626 1374 749; baseline -0.003 -22"><span class='ocrx_word' id='word_1_5' title='bbox 311 626 313 633; x_wconf 16' lang='lat' dir='ltr'><strong><em>s</em></strong></span> <span class='ocrx_word' id='word_1_6' title='bbox 342 662 344 667; x_wconf 81' lang='grc'>’</span> <span class='ocrx_word' id='word_1_7' title='bbox 367 655 473 728; x_wconf 81' lang='lat' dir='ltr'>Urbis</span> <span class='ocrx_word' id='word_1_8' title='bbox 500 653 683 749; x_wconf 77' lang='lat' dir='ltr'>Praefecti</span> <span class='ocrx_word' id='word_1_9' title='bbox 695 655 855 725; x_wconf 79' lang='lat' dir='ltr'><em>illustres</em></span> <span class='ocrx_word' id='word_1_10' title='bbox 875 651 1084 749; x_wconf 82' lang='lat' dir='ltr'>quandoque</span> <span class='ocrx_word' id='word_1_11' title='bbox 1102 649 1374 748; x_wconf 76' lang='lat' dir='ltr'>vocati¹,deque</span> 
     </span>
     <span class='ocr_line' id='line_1_3' title="bbox 363 776 1371 875; baseline -0.003 -23"><span class='ocrx_word' id='word_1_12' title='bbox 363 781 419 854; x_wconf 87' lang='lat' dir='ltr'>illo</span> <span class='ocrx_word' id='word_1_13' title='bbox 435 780 569 855; x_wconf 90' lang='lat' dir='ltr'>honore</span> <span class='ocrx_word' id='word_1_14' title='bbox 587 789 753 875; x_wconf 82' lang='lat' dir='ltr'><strong>tanquam</strong></span> <span class='ocrx_word' id='word_1_15' title='bbox 773 777 1045 866; x_wconf 64' lang='lat' dir='ltr'>beneficiatum</span> <span class='ocrx_word' id='word_1_16' title='bbox 1072 778 1117 850; x_wconf 90' lang='lat' dir='ltr'>ab</span> <span class='ocrx_word' id='word_1_17' title='bbox 1145 776 1371 873; x_wconf 78' lang='lat' dir='ltr'>Imperatore,</span> 
     </span>
     <span class='ocr_line' id='line_1_4' title="bbox 322 900 1375 999; baseline 0.003 -28"><span class='ocrx_word' id='word_1_18' title='bbox 322 964 325 971; x_wconf 92' lang='lat'>.</span> <span class='ocrx_word' id='word_1_19' title='bbox 363 900 1231 999; x_wconf 86' lang='lat' dir='ltr'>tumasummoPontifice‚tumetiamaliquandoa</span> <span class='ocrx_word' id='word_1_20' title='bbox 1244 900 1375 997; x_wconf 89' lang='lat' dir='ltr'>Populo</span> 
     </span>
     <span class='ocr_line' id='line_1_5' title="bbox 362 1026 1375 1115; baseline -0.006 -11"><span class='ocrx_word' id='word_1_21' title='bbox 362 1033 520 1104; x_wconf 82' lang='lat' dir='ltr'>Romano</span> <span class='ocrx_word' id='word_1_22' title='bbox 549 1029 676 1103; x_wconf 86' lang='lat' dir='ltr'>collato</span> <span class='ocrx_word' id='word_1_23' title='bbox 694 1029 731 1102; x_wconf 87' lang='lat' dir='ltr'>fit</span> <span class='ocrx_word' id='word_1_24' title='bbox 749 1031 891 1115; x_wconf 79' lang='lat' dir='ltr'>mentm,</span> <span class='ocrx_word' id='word_1_25' title='bbox 912 1026 1165 1102; x_wconf 83' lang='lat' dir='ltr'>Praefectorum</span> <span class='ocrx_word' id='word_1_26' title='bbox 1179 1027 1375 1102; x_wconf 89' lang='lat' dir='ltr'>nominibus</span> 
     </span>
     <span class='ocr_line' id='line_1_6' title="bbox 362 1152 1375 1255; baseline -0.002 -28"><span class='ocrx_word' id='word_1_27' title='bbox 362 1158 399 1229; x_wconf 87' lang='lat' dir='ltr'>in</span> <span class='ocrx_word' id='word_1_28' title='bbox 414 1155 574 1229; x_wconf 89' lang='lat' dir='ltr'>omnibus</span> <span class='ocrx_word' id='word_1_29' title='bbox 587 1155 701 1255; x_wconf 84' lang='lat' dir='ltr'>bellis,</span> <span class='ocrx_word' id='word_1_30' title='bbox 733 1153 922 1226; x_wconf 79' lang='lat' dir='ltr'><strong>foederibus</strong></span> <span class='ocrx_word' id='word_1_31' title='bbox 941 1155 1064 1227; x_wconf 85' lang='lat' dir='ltr'>aliisve</span> <span class='ocrx_word' id='word_1_32' title='bbox 1092 1152 1197 1226; x_wconf 89' lang='lat' dir='ltr'>rebus</span> <span class='ocrx_word' id='word_1_33' title='bbox 1228 1152 1375 1249; x_wconf 88' lang='lat' dir='ltr'>publicis</span> 
     </span>
     <span class='ocr_line' id='line_1_7' title="bbox 362 1280 1374 1367; baseline -0.007 -10"><span class='ocrx_word' id='word_1_34' title='bbox 362 1285 561 1357; x_wconf 85' lang='lat' dir='ltr'>memoratis</span> <span class='ocrx_word' id='word_1_35' title='bbox 575 1280 600 1352; x_wconf 81' lang='lat'>².</span> <span class='ocrx_word' id='word_1_36' title='bbox 632 1285 716 1356; x_wconf 80' lang='lat' dir='ltr'>Mox</span> <span class='ocrx_word' id='word_1_37' title='bbox 752 1282 1006 1355; x_wconf 85' lang='lat' dir='ltr'>sextodecimo</span> <span class='ocrx_word' id='word_1_38' title='bbox 1036 1280 1179 1367; x_wconf 86' lang='lat' dir='ltr'>saecule,</span> <span class='ocrx_word' id='word_1_39' title='bbox 1205 1283 1374 1354; x_wconf 79' lang='lat' dir='ltr'>ioannem</span> 
     </span>
     <span class='ocr_line' id='line_1_8' title="bbox 361 1386 1376 1511; baseline -0.003 -31"><span class='ocrx_word' id='word_1_40' title='bbox 361 1409 545 1506; x_wconf 85' lang='lat' dir='ltr'>quemdam</span> <span class='ocrx_word' id='word_1_41' title='bbox 559 1433 603 1482; x_wconf 86' lang='lat' dir='ltr'>ex</span> <span class='ocrx_word' id='word_1_42' title='bbox 616 1419 723 1503; x_wconf 92' lang='lat' dir='ltr'>gente</span> <span class='ocrx_word' id='word_1_43' title='bbox 737 1386 907 1497; x_wconf 60' lang='lat' dir='ltr'>Reverti,</span> <span class='ocrx_word' id='word_1_44' title='bbox 925 1418 1086 1505; x_wconf 79' lang='lat' dir='ltr'>nepotem</span> <span class='ocrx_word' id='word_1_45' title='bbox 1104 1408 1194 1481; x_wconf 83' lang='lat' dir='ltr'>Sixti</span> <span class='ocrx_word' id='word_1_46' title='bbox 1205 1409 1263 1511; x_wconf 82' lang='lat' dir='ltr'>¹IV</span> <span class='ocrx_word' id='word_1_47' title='bbox 1276 1409 1376 1480; x_wconf 91' lang='lat' dir='ltr'>Pon-</span> 
     </span>
     <span class='ocr_line' id='line_1_9' title="bbox 361 1531 1375 1629; baseline -0.004 -24"><span class='ocrx_word' id='word_1_48' title='bbox 361 1535 473 1623; x_wconf 73' lang='lat' dir='ltr'>tineis,</span> <span class='ocrx_word' id='word_1_49' title='bbox 494 1535 616 1608; x_wconf 90' lang='lat' dir='ltr'>ducem</span> <span class='ocrx_word' id='word_1_50' title='bbox 633 1534 746 1623; x_wconf 84' lang='lat' dir='ltr'>Sorae,</span> <span class='ocrx_word' id='word_1_51' title='bbox 771 1533 969 1629; x_wconf 83' lang='lat' dir='ltr'>Sinigalliae</span> <span class='ocrx_word' id='word_1_52' title='bbox 991 1544 1026 1610; x_wconf 90' lang='lat' dir='ltr'>et</span> <span class='ocrx_word' id='word_1_53' title='bbox 1042 1534 1210 1607; x_wconf 89' lang='lat' dir='ltr'>Mondavi</span> <span class='ocrx_word' id='word_1_54' title='bbox 1232 1531 1375 1606; x_wconf 87' lang='lat' dir='ltr'>Princi-</span> 
     </span>
     <span class='ocr_line' id='line_1_10' title="bbox 360 1658 1374 1755; baseline -0.004 -23"><span class='ocrx_word' id='word_1_55' title='bbox 360 1683 452 1755; x_wconf 82' lang='lat' dir='ltr'>pem,</span> <span class='ocrx_word' id='word_1_56' title='bbox 464 1660 519 1731; x_wconf 91' lang='lat' dir='ltr'>his</span> <span class='ocrx_word' id='word_1_57' title='bbox 535 1660 696 1745; x_wconf 85' lang='lat' dir='ltr'>omuibus</span> <span class='ocrx_word' id='word_1_58' title='bbox 712 1659 821 1732; x_wconf 89' lang='lat' dir='ltr'>titulis</span> <span class='ocrx_word' id='word_1_59' title='bbox 841 1660 944 1732; x_wconf 91' lang='lat' dir='ltr'>titulo</span> <span class='ocrx_word' id='word_1_60' title='bbox 960 1658 1124 1733; x_wconf 71' lang='lat' dir='ltr'>Praefecti</span> <span class='ocrx_word' id='word_1_61' title='bbox 1135 1659 1240 1731; x_wconf 89' lang='lat' dir='ltr'>Urbis</span> <span class='ocrx_word' id='word_1_62' title='bbox 1251 1660 1374 1731; x_wconf 79' lang='lat' dir='ltr'>Romae</span> 
     </span>
     <span class='ocr_line' id='line_1_11' title="bbox 361 1783 1375 1881; baseline -0.001 -25"><span class='ocrx_word' id='word_1_63' title='bbox 361 1785 596 1881; x_wconf 88' lang='lat' dir='ltr'>superaddito,</span> <span class='ocrx_word' id='word_1_64' title='bbox 619 1786 818 1881; x_wconf 91' lang='lat' dir='ltr'>reperimus</span> <span class='ocrx_word' id='word_1_65' title='bbox 835 1783 859 1855; x_wconf 78' lang='lat'>³.</span> <span class='ocrx_word' id='word_1_66' title='bbox 882 1786 1040 1881; x_wconf 87' lang='lat' dir='ltr'>Denique</span> <span class='ocrx_word' id='word_1_67' title='bbox 1070 1786 1217 1880; x_wconf 89' lang='lat' dir='ltr'>septimo</span> <span class='ocrx_word' id='word_1_68' title='bbox 1243 1784 1375 1856; x_wconf 90' lang='lat' dir='ltr'>decimo</span> 
     </span>
     <span class='ocr_line' id='line_1_12' title="bbox 310 1907 1376 2001; baseline 0.002 -20"><span class='ocrx_word' id='word_1_69' title='bbox 310 1914 313 1919; x_wconf 75' lang='grc'>’</span> <span class='ocrx_word' id='word_1_70' title='bbox 361 1909 490 1982; x_wconf 80' lang='lat' dir='ltr'>saeculo</span> <span class='ocrx_word' id='word_1_71' title='bbox 499 1909 665 1983; x_wconf 85' lang='lat' dir='ltr'>Urbanus</span> <span class='ocrx_word' id='word_1_72' title='bbox 685 1909 781 1997; x_wconf 87' lang='lat' dir='ltr'><strong>VIII,</strong></span> <span class='ocrx_word' id='word_1_73' title='bbox 805 1907 970 1983; x_wconf 86' lang='lat' dir='ltr'>Pontifex</span> <span class='ocrx_word' id='word_1_74' title='bbox 981 1910 1170 2001; x_wconf 83' lang='lat' dir='ltr'>maximus,</span> <span class='ocrx_word' id='word_1_75' title='bbox 1188 1921 1226 1983; x_wconf 90' lang='lat' dir='ltr'>ut</span> <span class='ocrx_word' id='word_1_76' title='bbox 1236 1908 1376 1983; x_wconf 86' lang='lat' dir='ltr'>Barbe-</span> 
     </span>
     <span class='ocr_line' id='line_1_13' title="bbox 362 2035 1376 2132; baseline 0.002 -26"><span class='ocrx_word' id='word_1_77' title='bbox 362 2036 473 2108; x_wconf 80' lang='lat' dir='ltr'>ninam</span> <span class='ocrx_word' id='word_1_78' title='bbox 492 2044 634 2130; x_wconf 84' lang='lat' dir='ltr'>gentem</span> <span class='ocrx_word' id='word_1_79' title='bbox 654 2059 698 2109; x_wconf 81' lang='lat' dir='ltr'>ex</span> <span class='ocrx_word' id='word_1_80' title='bbox 718 2058 787 2131; x_wconf 87' lang='lat' dir='ltr'>qua</span> <span class='ocrx_word' id='word_1_81' title='bbox 807 2035 988 2132; x_wconf 82' lang='lat' dir='ltr'>prodierat</span> <span class='ocrx_word' id='word_1_82' title='bbox 1016 2037 1118 2108; x_wconf 87' lang='lat' dir='ltr'>novis</span> <span class='ocrx_word' id='word_1_83' title='bbox 1141 2035 1376 2129; x_wconf 83' lang='lat' dir='ltr'>dignitatibus</span> 
     </span>
     <span class='ocr_line' id='line_1_14' title="bbox 362 2160 1375 2248; baseline -0.002 -14"><span class='ocrx_word' id='word_1_84' title='bbox 362 2172 397 2234; x_wconf 92' lang='lat' dir='ltr'>et</span> <span class='ocrx_word' id='word_1_85' title='bbox 418 2161 591 2234; x_wconf 90' lang='lat' dir='ltr'>honorum</span> <span class='ocrx_word' id='word_1_86' title='bbox 606 2162 718 2233; x_wconf 87' lang='lat' dir='ltr'>titulis</span> <span class='ocrx_word' id='word_1_87' title='bbox 732 2161 991 2248; x_wconf 87' lang='lat' dir='ltr'>cohonestaret,</span> <span class='ocrx_word' id='word_1_88' title='bbox 1004 2161 1113 2234; x_wconf 84' lang='lat' dir='ltr'>Urbis</span> <span class='ocrx_word' id='word_1_89' title='bbox 1123 2160 1375 2235; x_wconf 88' lang='lat' dir='ltr'>Praefecturam</span> 
     </span>
     <span class='ocr_line' id='line_1_15' title="bbox 362 2284 1375 2384; baseline 0.002 -27"><span class='ocrx_word' id='word_1_90' title='bbox 362 2286 421 2359; x_wconf 84' lang='lat' dir='ltr'>vel</span> <span class='ocrx_word' id='word_1_91' title='bbox 439 2288 554 2382; x_wconf 89' lang='lat' dir='ltr'>potius</span> <span class='ocrx_word' id='word_1_92' title='bbox 574 2285 682 2359; x_wconf 86' lang='lat' dir='ltr'>Urbis</span> <span class='ocrx_word' id='word_1_93' title='bbox 697 2284 862 2359; x_wconf 81' lang='lat' dir='ltr'>Praefecti</span> <span class='ocrx_word' id='word_1_94' title='bbox 882 2310 1012 2361; x_wconf 87' lang='lat' dir='ltr'>nomen</span> <span class='ocrx_word' id='word_1_95' title='bbox 1031 2288 1124 2384; x_wconf 90' lang='lat' dir='ltr'>quod</span> <span class='ocrx_word' id='word_1_96' title='bbox 1148 2311 1270 2361; x_wconf 93' lang='lat' dir='ltr'>recens</span> <span class='ocrx_word' id='word_1_97' title='bbox 1299 2308 1375 2360; x_wconf 90' lang='lat' dir='ltr'>cum</span> 
     </span>
     <span class='ocr_line' id='line_1_16' title="bbox 361 2395 1374 2500; baseline 0.004 -17"><span class='ocrx_word' id='word_1_98' title='bbox 361 2411 551 2483; x_wconf 87' lang='lat' dir='ltr'>Francisco</span> <span class='ocrx_word' id='word_1_99' title='bbox 570 2410 754 2500; x_wconf 85' lang='lat' dir='ltr'>Roboreo‚</span> <span class='ocrx_word' id='word_1_100' title='bbox 781 2395 991 2484; x_wconf 80' lang='lat' dir='ltr'>Urbinatum</span> <span class='ocrx_word' id='word_1_101' title='bbox 1026 2413 1124 2484; x_wconf 89' lang='lat' dir='ltr'>Duce</span> <span class='ocrx_word' id='word_1_102' title='bbox 1158 2412 1374 2487; x_wconf 83' lang='lat' dir='ltr'>exstinctum</span> 
     </span>
     <span class='ocr_line' id='line_1_17' title="bbox 355 2534 1376 2629; baseline 0.007 -24"><span class='ocrx_word' id='word_1_103' title='bbox 355 2534 491 2624; x_wconf 76' lang='lat' dir='ltr'>fuerat,</span> <span class='ocrx_word' id='word_1_104' title='bbox 513 2534 691 2609; x_wconf 86' lang='lat' dir='ltr'>Thaddaeo</span> <span class='ocrx_word' id='word_1_105' title='bbox 712 2536 920 2629; x_wconf 85' lang='lat' dir='ltr'>Barberino,</span> <span class='ocrx_word' id='word_1_106' title='bbox 939 2534 1061 2609; x_wconf 89' lang='lat' dir='ltr'>fratris</span> <span class='ocrx_word' id='word_1_107' title='bbox 1073 2537 1158 2627; x_wconf 90' lang='lat' dir='ltr'>filio,</span> <span class='ocrx_word' id='word_1_108' title='bbox 1177 2540 1376 2612; x_wconf 84' lang='lat' dir='ltr'>Praenestes</span> 
     </span>
     <span class='ocr_line' id='line_1_18' title="bbox 361 2661 1376 2759; baseline 0.005 -26"><span class='ocrx_word' id='word_1_109' title='bbox 361 2661 518 2757; x_wconf 90' lang='lat' dir='ltr'>Principi</span> <span class='ocrx_word' id='word_1_110' title='bbox 532 2670 636 2759; x_wconf 88' lang='lat' dir='ltr'>atque</span> <span class='ocrx_word' id='word_1_111' title='bbox 645 2662 880 2735; x_wconf 85' lang='lat' dir='ltr'>Eretanorum</span> <span class='ocrx_word' id='word_1_112' title='bbox 891 2664 992 2752; x_wconf 79' lang='lat' dir='ltr'>Duci‚</span> <span class='ocrx_word' id='word_1_113' title='bbox 1001 2686 1095 2735; x_wconf 89' lang='lat' dir='ltr'>anno</span> <span class='ocrx_word' id='word_1_114' title='bbox 1111 2665 1216 2756; x_wconf 83' lang='lat'>1631,</span> <span class='ocrx_word' id='word_1_115' title='bbox 1228 2689 1376 2739; x_wconf 88' lang='lat' dir='ltr'>conces-</span> 
     </span>
     <span class='ocr_line' id='line_1_19' title="bbox 361 2785 1377 2885; baseline 0.001 -24"><span class='ocrx_word' id='word_1_116' title='bbox 361 2791 419 2880; x_wconf 84' lang='lat' dir='ltr'>sit,</span> <span class='ocrx_word' id='word_1_117' title='bbox 442 2791 638 2885; x_wconf 85' lang='lat' dir='ltr'>ipsumque,</span> <span class='ocrx_word' id='word_1_118' title='bbox 660 2796 699 2859; x_wconf 92' lang='lat' dir='ltr'>ut</span> <span class='ocrx_word' id='word_1_119' title='bbox 718 2788 768 2859; x_wconf 88' lang='lat' dir='ltr'>ait</span> <span class='ocrx_word' id='word_1_120' title='bbox 785 2787 953 2860; x_wconf 85' lang='lat' dir='ltr'>Corsinus</span> <span class='ocrx_word' id='word_1_121' title='bbox 971 2785 997 2876; x_wconf 65' lang='lat'>⁴,</span> <span class='ocrx_word' id='word_1_122' title='bbox 1021 2789 1064 2860; x_wconf 91' lang='lat' dir='ltr'>iis</span> <span class='ocrx_word' id='word_1_123' title='bbox 1073 2789 1216 2883; x_wconf 87' lang='lat' dir='ltr'>juribus</span> <span class='ocrx_word' id='word_1_124' title='bbox 1234 2803 1268 2862; x_wconf 89' lang='lat' dir='ltr'>et</span> <span class='ocrx_word' id='word_1_125' title='bbox 1286 2791 1377 2864; x_wconf 85' lang='lat' dir='ltr'>insi-</span> 
     </span>
     <span class='ocr_line' id='line_1_20' title="bbox 340 2894 1375 3011; baseline 0.003 -25"><span class='ocrx_word' id='word_1_126' title='bbox 340 2894 489 3008; x_wconf 85' lang='lat' dir='ltr'>gnibus</span> <span class='ocrx_word' id='word_1_127' title='bbox 505 2914 693 2987; x_wconf 84' lang='lat' dir='ltr'>exornavit</span> <span class='ocrx_word' id='word_1_128' title='bbox 725 2908 804 3008; x_wconf 69' lang='lat' dir='ltr'>quae</span> <span class='ocrx_word' id='word_1_129' title='bbox 832 2914 907 3007; x_wconf 89' lang='lat' dir='ltr'>jam</span> <span class='ocrx_word' id='word_1_130' title='bbox 944 2936 964 2983; x_wconf 89' lang='lat' dir='ltr'>a</span> <span class='ocrx_word' id='word_1_131' title='bbox 992 2914 1262 3011; x_wconf 85' lang='lat' dir='ltr'>quadringentis</span> <span class='ocrx_word' id='word_1_132' title='bbox 1271 2917 1375 2990; x_wconf 89' lang='lat' dir='ltr'>annis</span> 
     </span>
     <span class='ocr_line' id='line_1_21' title="bbox 361 3034 1375 3117; baseline 0.009 -8"><span class='ocrx_word' id='word_1_133' title='bbox 361 3036 468 3109; x_wconf 85' lang='lat' dir='ltr'>Urbis</span> <span class='ocrx_word' id='word_1_134' title='bbox 487 3034 683 3110; x_wconf 86' lang='lat' dir='ltr'>Praefectus</span> <span class='ocrx_word' id='word_1_135' title='bbox 706 3037 743 3108; x_wconf 92' lang='lat' dir='ltr'>in</span> <span class='ocrx_word' id='word_1_136' title='bbox 761 3039 921 3110; x_wconf 88' lang='lat' dir='ltr'>Romana</span> <span class='ocrx_word' id='word_1_137' title='bbox 947 3039 1053 3111; x_wconf 87' lang='lat' dir='ltr'>Curia</span> <span class='ocrx_word' id='word_1_138' title='bbox 1073 3041 1129 3113; x_wconf 89' lang='lat' dir='ltr'>vel</span> <span class='ocrx_word' id='word_1_139' title='bbox 1144 3041 1275 3115; x_wconf 86' lang='lat' dir='ltr'>Senatu</span> <span class='ocrx_word' id='word_1_140' title='bbox 1299 3045 1375 3117; x_wconf 88' lang='lat' dir='ltr'>Ro-</span> 
     </span>
     <span class='ocr_line' id='line_1_22' title="bbox 362 3143 1376 3263; baseline 0.01 -30"><span class='ocrx_word' id='word_1_141' title='bbox 362 3185 463 3235; x_wconf 88' lang='lat' dir='ltr'>mano</span> <span class='ocrx_word' id='word_1_142' title='bbox 477 3161 687 3234; x_wconf 88' lang='lat' dir='ltr'>obtinuerat.</span> <span class='ocrx_word' id='word_1_143' title='bbox 712 3162 774 3234; x_wconf 87' lang='lat' dir='ltr'>Cui</span> <span class='ocrx_word' id='word_1_144' title='bbox 795 3187 889 3236; x_wconf 88' lang='lat' dir='ltr'>novo</span> <span class='ocrx_word' id='word_1_145' title='bbox 908 3162 1080 3238; x_wconf 87' lang='lat' dir='ltr'>Praefecto</span> <span class='ocrx_word' id='word_1_146' title='bbox 1108 3143 1376 3263; x_wconf 81' lang='lat' dir='ltr'>congratulatus</span> 
     </span>
     <span class='ocr_line' id='line_1_23' title="bbox 344 3287 1376 3392; baseline 0.009 -32"><span class='ocrx_word' id='word_1_147' title='bbox 344 3296 412 3360; x_wconf 75' lang='lat' dir='ltr'>&#39;ost</span> <span class='ocrx_word' id='word_1_148' title='bbox 428 3288 530 3361; x_wconf 87' lang='lat' dir='ltr'>Felix</span> <span class='ocrx_word' id='word_1_149' title='bbox 566 3287 798 3377; x_wconf 85' lang='lat' dir='ltr'>Contelorius‚</span> <span class='ocrx_word' id='word_1_150' title='bbox 828 3288 999 3383; x_wconf 90' lang='lat' dir='ltr'>patricius</span> <span class='ocrx_word' id='word_1_151' title='bbox 1030 3291 1214 3365; x_wconf 86' lang='lat' dir='ltr'>Romanus</span> <span class='ocrx_word' id='word_1_152' title='bbox 1231 3319 1272 3368; x_wconf 88' lang='lat' dir='ltr'>ac</span> <span class='ocrx_word' id='word_1_153' title='bbox 1289 3320 1376 3392; x_wconf 90' lang='lat' dir='ltr'>pro-</span> 
     </span>
     <span class='ocr_line' id='line_1_24' title="bbox 362 3410 1376 3512; baseline 0.011 -29"><span class='ocrx_word' id='word_1_154' title='bbox 362 3413 556 3484; x_wconf 88' lang='lat' dir='ltr'>tonotarius</span> <span class='ocrx_word' id='word_1_155' title='bbox 571 3410 781 3508; x_wconf 88' lang='lat' dir='ltr'>apostolicus</span> <span class='ocrx_word' id='word_1_156' title='bbox 797 3413 869 3507; x_wconf 86' lang='lat' dir='ltr'>qui,</span> <span class='ocrx_word' id='word_1_157' title='bbox 887 3413 1054 3486; x_wconf 87' lang='lat' dir='ltr'>Panvinii</span> <span class='ocrx_word' id='word_1_158' title='bbox 1082 3419 1241 3512; x_wconf 87' lang='lat' dir='ltr'>vestigiis</span> <span class='ocrx_word' id='word_1_159' title='bbox 1264 3421 1376 3494; x_wconf 91' lang='lat' dir='ltr'>iusis-</span> 
     </span>
     <span class='ocr_line' id='line_1_25' title="bbox 361 3535 1375 3625; baseline 0.011 -18"><span class='ocrx_word' id='word_1_160' title='bbox 361 3547 460 3625; x_wconf 77' lang='lat' dir='ltr'>tenS,</span> <span class='ocrx_word' id='word_1_161' title='bbox 496 3561 623 3609; x_wconf 85' lang='lat' dir='ltr'>novam</span> <span class='ocrx_word' id='word_1_162' title='bbox 644 3535 897 3610; x_wconf 79' lang='lat' dir='ltr'>praefectorum</span> <span class='ocrx_word' id='word_1_163' title='bbox 927 3539 1034 3611; x_wconf 90' lang='lat' dir='ltr'>Urbis</span> <span class='ocrx_word' id='word_1_164' title='bbox 1063 3543 1190 3617; x_wconf 86' lang='lat' dir='ltr'>seriem</span> <span class='ocrx_word' id='word_1_165' title='bbox 1219 3545 1263 3617; x_wconf 88' lang='lat' dir='ltr'>ab</span> <span class='ocrx_word' id='word_1_166' title='bbox 1283 3570 1375 3620; x_wconf 87' lang='lat' dir='ltr'>anno</span> 
     </span>
     <span class='ocr_line' id='line_1_26' title="bbox 361 3661 1371 3765; baseline 0.016 -34"><span class='ocrx_word' id='word_1_167' title='bbox 361 3661 489 3734; x_wconf 83' lang='lat' dir='ltr'>Christi</span> <span class='ocrx_word' id='word_1_168' title='bbox 525 3664 619 3736; x_wconf 85' lang='lat'>1000</span> <span class='ocrx_word' id='word_1_169' title='bbox 653 3684 766 3759; x_wconf 88' lang='lat' dir='ltr'>usque</span> <span class='ocrx_word' id='word_1_170' title='bbox 796 3663 841 3735; x_wconf 90' lang='lat' dir='ltr'>ad</span> <span class='ocrx_word' id='word_1_171' title='bbox 876 3686 1005 3737; x_wconf 86' lang='lat' dir='ltr'>anuum</span> <span class='ocrx_word' id='word_1_172' title='bbox 1045 3668 1132 3741; x_wconf 81' lang='grc'>1031</span> <span class='ocrx_word' id='word_1_173' title='bbox 1172 3672 1371 3765; x_wconf 84' lang='lat' dir='ltr'>contexuit,</span> 
     </span>
    </p>
   </div>
   <div class='ocr_carea' id='block_1_3' title="bbox 391 3968 907 4275">
    <p class='ocr_par' dir='ltr' id='par_1_3' title="bbox 392 3968 734 4034">
     <span class='ocr_line' id='line_1_27' title="bbox 392 3968 734 4034; baseline 0.015 -14"><span class='ocrx_word' id='word_1_174' title='bbox 392 3968 400 4004; x_wconf 81' lang='lat'>¹</span> <span class='ocrx_word' id='word_1_175' title='bbox 418 3971 569 4032; x_wconf 66' lang='lat' dir='ltr'>Gregorov„</span> <span class='ocrx_word' id='word_1_176' title='bbox 583 3968 626 4031; x_wconf 83' lang='lat' dir='ltr'>VI,</span> <span class='ocrx_word' id='word_1_177' title='bbox 639 3986 663 4034; x_wconf 87' lang='lat' dir='ltr'>p.</span> <span class='ocrx_word' id='word_1_178' title='bbox 680 3972 734 4026; x_wconf 80' lang='lat'><strong>263.</strong></span> 
     </span>
    </p>

    <p class='ocr_par' dir='ltr' id='par_1_4' title="bbox 393 4047 625 4116">
     <span class='ocr_line' id='line_1_28' title="bbox 393 4047 625 4116; baseline -0.009 -15"><span class='ocrx_word' id='word_1_179' title='bbox 393 4047 404 4083; x_wconf 70' lang='lat'><strong>²</strong></span> <span class='ocrx_word' id='word_1_180' title='bbox 419 4050 507 4109; x_wconf 84' lang='lat' dir='ltr'>Ibid.‚</span> <span class='ocrx_word' id='word_1_181' title='bbox 521 4051 625 4116; x_wconf 80' lang='lat' dir='ltr'>passim.</span> 
     </span>
    </p>

    <p class='ocr_par' dir='ltr' id='par_1_5' title="bbox 391 4129 907 4275">
     <span class='ocr_line' id='line_1_29' title="bbox 392 4129 907 4196; baseline 0.017 -19"><span class='ocrx_word' id='word_1_182' title='bbox 392 4129 404 4166; x_wconf 81' lang='lat'><strong>³</strong></span> <span class='ocrx_word' id='word_1_183' title='bbox 418 4130 533 4193; x_wconf 76' lang='lat' dir='ltr'>bertier,</span> <span class='ocrx_word' id='word_1_184' title='bbox 548 4134 717 4196; x_wconf 76' lang='lat' dir='ltr'>Florenceet</span> <span class='ocrx_word' id='word_1_185' title='bbox 727 4135 765 4184; x_wconf 78' lang='lat' dir='ltr'>les</span> <span class='ocrx_word' id='word_1_186' title='bbox 780 4134 907 4186; x_wconf 74' lang='lat' dir='ltr'>Medicis.</span> 
     </span>
     <span class='ocr_line' id='line_1_30' title="bbox 391 4208 659 4275; baseline 0.011 -17"><span class='ocrx_word' id='word_1_187' title='bbox 391 4210 402 4245; x_wconf 78' lang='lat'>⁴</span> <span class='ocrx_word' id='word_1_188' title='bbox 420 4208 503 4271; x_wconf 69' lang='lat' dir='ltr'>Cora,</span> <span class='ocrx_word' id='word_1_189' title='bbox 519 4226 543 4275; x_wconf 73' lang='lat' dir='ltr'>p.</span> <span class='ocrx_word' id='word_1_190' title='bbox 559 4226 659 4261; x_wconf 56' lang='lat' dir='ltr'>nvem.</span> 
     </span>
    </p>
   </div>
   <div class='ocr_carea' id='block_1_4' title="bbox 0 0 1568 5078">
    <p class='ocr_par' dir='ltr' id='par_1_6' title="bbox 0 0 1568 5078">
     <span class='ocr_line' id='line_1_31' title="bbox 0 0 1568 5078; baseline 0 0"><span class='ocrx_word' id='word_1_191' title='bbox 0 0 1568 5078; x_wconf 95' lang='lat' dir='ltr'> </span> 
     </span>
    </p>
   </div>
  </div>
 </body>
</html>
