3128 5078
322 523 335 614 s
564 561 612 610 on
634 554 917 612 Psmnscrnsn
937 557 1106 611 canens

320 707 389 777 tius
407 705 445 776 in
458 703 742 778 Commentariis
753 702 798 773 tte
807 702 945 774 Secreto
954 701 1119 774 Romano
1129 699 1156 793 ¹,
1171 711 1206 775 et
1214 694 1349 783 Corsi-2

287 850 295 862 ·
319 853 386 901 nus
399 831 436 902 in
449 828 541 900 libro
560 830 620 924 qui
634 829 755 901 Series
769 829 1044 924 Praefectmnm
1055 827 1164 901 Urbis
1172 827 1342 900 inscribi-

318 950 410 1027 tur2.
425 954 624 1026 Doctissimi
635 978 771 1050 quoque
781 954 850 1026 viri
861 954 1071 1045 Germanici,
1084 950 1344 1042 sivehistorici,

318 1082 393 1155 sive
405 1080 664 1175 jurisconsulti,
686 1081 745 1177 qui
760 1081 806 1154 ad
823 1081 1006 1154 historiam
1024 1083 1220 1156 Romanam
1235 1079 1338 1153 illus-

319 1207 482 1282 trandam
501 1208 811 1305 explicandamque
830 1232 972 1304 operam
988 1232 1089 1282 suam
1108 1208 1335 1281 contulerunt

319 1334 498 1430 multaque
523 1332 618 1405 illius
648 1334 763 1430 capita
795 1335 987 1408 clarissima
1012 1336 1051 1406 in
1077 1336 1154 1407 luce
1182 1334 1338 1409 colloca-

320 1438 553 1534 verunthanc
573 1484 647 1533 rem
662 1458 812 1533 feliciter
827 1462 988 1556 attigere.
1008 1463 1057 1535 Ut
1078 1463 1121 1534 de
1138 1461 1181 1533 iis
1202 1468 1337 1533 tantum

319 1587 441 1684 loquar
451 1587 510 1683 qui
525 1594 645 1660 nostro
665 1597 822 1683 tempore
840 1587 1018 1676 vixerunt,
1035 1586 1227 1679 Hollwegii
1243 1586 1339 1657 civi-

318 1713 389 1785 lem
401 1736 603 1809 processum
617 1712 895 1784 commemorabo
905 1710 932 1802 ³,
949 1711 1217 1785 Biicln'niensem
1226 1711 1340 1785 Noti-

320 1839 382 1910 tioe
408 1838 597 1914 editionem
619 1837 877 1912 Pancirolianee
904 1836 1010 1931 longe
1027 1836 1295 1910 antecellentem
1308 1835 1335 1926 ⁴,

321 1962 471 2034 Beckeri
494 1963 744 2035 Enctiridion
778 1962 1037 2051 orttiqnitotnm
1065 1963 1333 2049 Romanorum,

321 2113 408 2185 opus
427 2088 610 2183 egregium
626 2096 661 2161 et
673 2068 789 2160 ‘multa
814 2087 919 2161 laude
941 2082 1090 2182 dignum
1109 2085 1135 2176 ⁵,
1161 2084 1337 2180 insignem

321 2215 533 2308 Gregorovii
551 2214 756 2288 Historiam
770 2214 950 2285 Romanae
969 2214 1071 2285 urbis
1085 2237 1160 2308 per
1177 2203 1338 2285 medinm

322 2364 441 2411 monne
459 2337 485 2429 ὅ,
511 2338 668 2412 Walteri
695 2340 861 2412 Annales
874 2342 979 2434 jutis
1007 2339 1167 2412 Romani
1188 2336 1217 2426 ⁷,
1245 2338 1339 2434 opti·

322 2490 418 2537 mum
458 2465 607 2539 Prelleri
641 2463 959 2538 Commentariun
992 2468 1039 2538 ete
1067 2465 1277 2558 ropionibus
1308 2458 1335 2558 ⁸,

321 2589 572 2687 amplissimam
589 2591 876 2687 [rescriptionem
902 2591 1129 2664 Latinorum
1155 2588 1340 2664 collectio-

322 2741 404 2788 nem
421 2715 640 2791 Orellianam
652 2741 733 2788 cum
750 2716 914 2790 Gulielmi
931 2717 1103 2790 Hennenii
1118 2718 1339 2814 supplemen-

319 2842 364 2915 tis
383 2841 409 2934 ⁹,
425 2842 577 2938 denique
595 2841 686 2914 hanc
705 2842 977 2938 pulcherrimam
993 2842 1101 2922 Urbis
1109 2844 1237 2915 Romo
1254 2845 1338 2915 cles-

348 3046 359 3083 1
376 3048 525 3098 Michaelis
547 3049 674 3098 conradi
690 3048 787 3098 Curtii
806 3048 1007 3098 commentarit
1034 3050 1068 3098 de
1086 3051 1192 3097 senatu
1206 3047 1337 3096 Romam

313 3130 378 3189 post
388 3132 515 3189 tempora
530 3129 695 3191 retpnbttcoe
709 3129 817 3178 tiberne.
831 3127 915 3186 Halae,
931 3127 1000 3178 1768.

347 3205 360 3242 ²
376 3206 507 3266 Gorsinus,
521 3208 614 3256 Series
623 3210 831 3268 Proefectornm
847 3208 938 3258 Urbis.
952 3206 1031 3265 Pisis,
1043 3205 1111 3257 1767.

347 3285 359 3323 3
375 3285 661 3353 Bethmann-Hollweg,
675 3286 881 3338 Derrimtsche
895 3290 968 3340 coeit
980 3291 1108 3338 Promss
1122 3287 1217 3345 Bono„
1234 3285 1304 3336 1864.

346 3369 358 3403 4
374 3366 465 3426 Book,
478 3381 522 3430 op.
539 3368 587 3418 cit.
808 3376 811 3385 '

347 3447 358 3484 ⁵
376 3447 475 3498 Becker
488 3448 540 3498 und
552 3447 882 3512 Marquardt,Hnnotbnch
894 3447 1117 3511 derrimtsctten
1129 3446 1333 3499 Atterthiimer.

316 3527 428 3590 Leipzig,
442 3527 588 3578 rste-mar.
939 3520 943 3527 '

257 3659 259 3663 ,
345 3606 557 3670 fiGregorovius,
586 3610 750 3660 Geschichte
771 3612 822 3660 der
844 3611 1015 3662 Statiliam
1042 3612 1075 3662 in
1096 3609 1260 3661 Mittetotter
1279 3623 1335 3660 oon

312 3683 435 3749 fiinften
455 3688 658 3739 Joltrhnnotert
680 3691 721 3740 tis
733 3704 804 3740 suen
818 3693 1008 3742 sechzehnten
1026 3690 1239 3740 Jahrnunotert.
1255 3690 1336 3739 Stutt·

296 3761 299 3766 ’
314 3771 382 3832 gart,
401 3767 829 3832 CottitscherVerlag‚1859-1867.

346 3849 358 3884 ⁷
375 3848 485 3911 Walter,
503 3849 723 3903 essentitatis
737 3851 906 3905 nontamen
924 3855 1025 3904 Rechts
1043 3853 1085 3902 tis
1097 3853 1156 3914 anf
1171 3852 1332 3906 Justinion.

312 3928 485 3989 Bonn,1860.

341 4011 353 4068 ,⁸
372 4009 481 4069 Preller,
493 4014 547 4062 Die
556 4014 707 4076 Rectorem
717 4017 768 4065 oter·
784 4016 866 4065 Stadt
880 4019 960 4067 Rom.
976 4016 1045 4074 Iena,
1059 4011 1129 4062 1846.

340 4092 352 4128 ⁹
370 4091 578 4154 Orelli-Homer,
600 4095 831 4158 [inscriptionum
843 4097 1019 4146 Latinorum
1033 4096 1327 4156 selectornmomptis-

304 4175 379 4223 simo
402 4175 536 4224 collectio.
562 4173 657 4236 Turici,
683 4175 751 4239 typis
781 4173 878 4233 Orelli,
902 4173 1029 4223 Fuesslini
1048 4180 1074 4223 et
1098 4173 1236 4233 sociorum,
1257 4173 1326 4223 1856.

305 4253 416 4302 Praestat
429 4254 520 4303 Romae
535 4256 602 4319 apud
613 4256 752 4320 Josephum
765 4256 900 4320 Spithiiver
912 4256 937 4306 in
949 4255 1033 4320 platea
1045 4254 1194 4320 Hispanico,
1205 4260 1231 4305 n⁰
1243 4253 1327 4303 55-56.
