3128 5078
302 552 353 602 Du
369 548 829 601 PRAEFEGTIDIGNITATE
846 546 1153 615 nrtnslenlnus
1208 549 1238 598 19
1296 567 1300 575 ’

220 688 354 761 urbana
374 687 602 781 magistratus
632 686 775 758 omnino
795 684 908 756 civilis
927 678 1037 757 fuisse
1057 682 1193 773 videtur
1211 680 1237 769 ¹,

222 812 384 910 quamvis
410 821 490 884 tunc
509 812 676 908 temporis
707 810 863 884 omnium
885 811 921 881 in
950 819 1029 883 actu
1049 806 1243 902 magistra-

222 949 320 1011 tuum
333 937 515 1032 cingulum
526 937 743 1033 praecipuum
757 934 867 1008 fuerit
889 944 1147 1024 ornamentum,
1165 934 1243 1008 sine

225 1089 308 1161 quo,
347 1072 386 1135 ut
412 1064 461 1136 ait
494 1064 538 1135 D.
566 1062 838 1159 Chrysostcmus
864 1058 890 1149 2,
922 1059 1113 1157 principem
1144 1058 1245 1132 adire

224 1215 294 1262 non
319 1189 454 1276 liceret,
485 1189 638 1283 solaeque
656 1187 857 1261 honerariae
886 1185 1078 1279 dignitates
1103 1185 1245 1280 cingulo

226 1322 390 1386 carerent
408 1311 434 1384 ³.
645 1303 648 1309 ’

276 1438 398 1511 Guruli
414 1460 552 1541 queque
568 1437 662 1509 sebae
675 1459 783 1533 supra
800 1460 943 1509 currum
957 1437 1129 1533 impositae
1144 1437 1250 1508 Prae-

229 1548 343 1636 fectus
355 1550 357 1553 ⁵
371 1563 473 1652 Urbi,
505 1564 601 1635 velut
617 1563 736 1635 caeteri
757 1562 988 1655 magistratus
1005 1562 1161 1650 curules,
1182 1562 1250 1633 hoc
1300 1548 1303 1552 ’

231 1687 494 1777 est,G0nsuleS,
507 1688 697 1774 Praetores
707 1687 894 1776 Censores,
904 1686 1249 1775 AEdileS,insidebat,

232 1814 269 1885 iu
290 1837 357 1909 qua
371 1836 434 1908 per
454 1810 587 1885 Urbem
607 1820 729 1884 vectus
750 1813 809 1908 jus
826 1810 976 1902 dicebat,
993 1812 1253 1884 controversias

232 1935 416 2010 dirimebat
436 1946 542 2034 atque
560 1937 739 2032 litigantes
762 1937 937 2025 audiebat,
963 1937 1085 2033 quovis
1109 1938 1146 2009 in
1176 1936 1253 2009 loce

233 2086 379 2135 munere
395 2087 457 2135 suc
485 2061 588 2157 fungi
607 2063 764 2155 deberet,
786 2065 1014 2160 eamdemque
1034 2062 1155 2135 sellam
1183 2085 1251 2134 au-

236 2198 348 2262 ratam
369 2187 427 2261 vel
449 2188 554 2262 ebore
573 2197 777 2281 contectam,
801 2188 1070 2261 vermiculatam
1096 2189 1150 2260 vel
1179 2186 1258 2260 ele-

233 2323 359 2409 ganter
398 2311 573 2386 ornatam
592 2312 704 2386 fuisse
743 2338 786 2386 ex
818 2315 1012 2397 innumeris
1047 2315 1257 2410 scriptorum

235 2441 440 2513 testimoniis
468 2439 653 2545 constatx't
685 2441 844 2537 Denique
871 2439 1066 2514 Praefectus
1084 2441 1147 2535 jus
1175 2463 1257 2512 car-

234 2576 330 2670 penti
356 2574 507 2679 habebat
537 2576 629 2670 quod
663 2599 733 2647 nen
766 2575 846 2648 leve
870 2576 997 2647 summi
1029 2576 1258 2669 magistratus

235 2699 400 2772 indicium
428 2709 503 2772 erat
526 2699 560 2791 53
596 2700 663 2773 hac
690 2701 784 2772 enim
818 2702 989 2795 carpenti
1015 2724 1100 2772 voce
1126 2701 1164 2771 in
1191 2689 1281 2795 quo'

237 2824 372 2921 publice
407 2825 627 2898 vehebantur
672 2849 792 2898 omnes
834 2825 989 2919 majores
1029 2818 1258 2919 magistratus

237 2974 307 3022 non
326 2953 426 3023 modo
459 2973 604 3022 carruca
622 2951 718 3046 prius
749 2960 917 3046 usurpata
942 2951 1116 3046 usquead
1137 2950 1260 3021 Thec-

198 3144 201 3150 .
240 3077 327 3148 dosii
347 3077 474 3170 Magni¹
491 3084 647 3171 tempora
661 3074 675 3114 ⁶
689 3085 724 3148 et
738 3100 817 3171 quae
834 3075 1016 3171 aprivatis
1031 3075 1135 3148 etiam
1155 3074 1260 3148 adhi-

271 3278 281 3314 1
298 3279 383 3336 Ictu„
396 3292 421 3341 p.
434 3275 474 3325 60.
499 3295 512 3321 u
524 3275 731 3337 nigenthumlich
742 3276 776 3325 ist
798 3276 851 3324 ihm
872 3275 898 3323 in
913 3275 1054 3340 Gegensatz
1079 3275 1143 3325 aller
1163 3275 1260 3325 andern

239 3357 416 3407 Kaiserlichen
429 3358 552 3406 Beumten
562 3356 608 3406 der
620 3357 674 3406 rein
688 3355 836 3421 bugerliche
845 3355 989 3406 Charakter
1000 3357 1084 3406 seiner
1094 3356 1202 3416 Wllrde,
1215 3357 1263 3406 den
1292 3416 1296 3423 ι

241 3442 303 3488 statt
318 3439 364 3487 der
378 3437 564 3488 militarischen
581 3441 712 3502 ohtamys
728 3437 780 3486 und
794 3437 839 3486 des
858 3440 1013 3502 Cingulum
1027 3437 1068 3488 die
1090 3438 1264 3508 senatorische

245 3517 323 3582 Toga
336 3519 514 3568 bezeichnet.»

182 3596 185 3601 ’
274 3599 286 3635 ²
301 3600 446 3663 Chrysost.,
465 3599 477 3647 1
493 3599 526 3648 ad
540 3597 666 3659 Corinth,
681 3614 704 3647 c.
720 3613 749 3658 11,
762 3612 839 3647 serm.
854 3597 894 3648 20.

274 3676 285 3714 ³
303 3679 393 3740 Beck,
408 3683 471 3733 Not.
489 3680 589 3742 Dique,
604 3684 622 3728 t.
639 3677 672 3736 ll,
683 3693 709 3742 p.
722 3678 791 3728 1151.
863 3692 867 3696 “

226 3756 228 3761 '
275 3758 471 3824 *Gors.,praes.
487 3774 603 3825 p.xx1x.

276 3838 387 3900 ⁵Cass,
406 3843 485 3900 Vara,
516 3840 560 3889 VI.
584 3858 597 3885 c
614 3838 741 3903 Carpento
764 3839 864 3888 veheris
884 3839 1060 3903 pernobilem
1083 3834 1219 3905 plebem.»
1235 3862 1265 3876 -
1338 3898 1340 3901 Ι

243 3918 326 3979 Cors,
351 3923 420 3971 ibid.
438 3949 469 3958 -
486 3919 642 3979 Drackenb„
658 3935 681 3968 c.
709 3933 747 3967 211.
763 3945 792 3955 -
806 3918 882 3983 ch„
900 3919 955 3971 Vit.
973 3924 1081 3980 Aurei„
1103 3936 1126 3969 c.
1142 3936 1159 3970 1.
1176 3939 1191 3965 c
1213 3919 1265 3968 Ve-

243 4000 327 4050 hiculo
343 4016 390 4050 suo
399 4017 441 4050 me
455 4006 480 4051 et
486 4000 601 4065 judiciali
613 4005 735 4064 carpento
746 3998 882 4063 praefectus
893 4001 963 4050 urbis
975 4002 1014 4050 vir
1024 4001 1163 4051 illustris...
1177 4000 1268 4054 Junius

244 4081 395 4131 Tiberianus
409 4083 517 4147 accepit.
532 4103 545 4129 »
561 4111 592 4120 —
606 4081 704 4141 Amm,
717 4082 734 4131 l.
748 4081 805 4140 XV,
820 4098 844 4131 c.
856 4097 902 4132 vu.
918 4101 932 4128 «
995 4082 1109 4132 Insidens
1131 4082 1217 4144 itaque
1227 4095 1269 4128 ve*

245 4162 338 4212 hiculo.
351 4181 365 4208 u

277 4241 289 4277 θ
306 4241 414 4304 Symm„
430 4242 447 4291 l.
459 4244 491 4302 X,
506 4259 545 4307 ep.
558 4243 597 4292 17.
