3128 5078
477 523 770 577 cinanmomum
787 521 1005 575 PRAEFECTI
1215 521 1247 573 25

277 665 388 740 Nulla
415 661 645 737 Praefecturae
673 661 819 734 urbanae
852 659 1012 754 legitima
1037 668 1136 749 aetaS,
1157 661 1261 739 sicut=

230 792 436 865 Consulatus
459 791 675 884 aliarumque
693 784 939 881 dignitatum¹‚
969 796 1160 860 memorata
1186 787 1245 859 vel

140 892 143 897 Ι
229 918 322 1013 apud
334 917 526 1011 scriptores
544 913 604 986 vel
620 913 713 1010 apud
736 921 962 986 monumenta
977 905 1165 1011 reperitur,
1182 915 1244 988 sed

228 1069 272 1118 ex
283 1047 358 1140 ipso
371 1044 545 1116 honorum
562 1042 714 1114 decursu
727 1065 790 1137 per
805 1063 905 1137 quem
920 1023 1056 1114 adeam
1071 1041 1246 1116 ascende-

227 1171 329 1243 batur
339 1170 418 1242 illos
426 1176 520 1265 patet
531 1167 590 1263 qui
599 1157 1058 1240 Praefecturainduebantur
1068 1168 1112 1241 ad
1123 1191 1244 1265 quam·
1296 1248 1300 1251 ,

226 1297 307 1369 dam
322 1297 433 1369 aetatis
450 1294 690 1368 maturitatem
713 1294 927 1390 pervenisse,
940 1295 1084 1397 jamque
1102 1278 1244 1368 adoles-'-
1345 1370 1350 1377 ,
1442 1336 1444 1347 =

117 1489 121 1495 .
226 1422 349 1493 centiae
368 1419 457 1493 fines
475 1442 642 1513 egressos
656 1441 750 1509 esse3
769 1441 970 1517 quanquam
988 1420 1152 1513 Augusti,
1175 1443 1244 1492 an-

226 1546 359 1619 nalium
373 1546 492 1640 legum
500 1561 632 1640 'parum
650 1544 790 1635 curiosi,
808 1545 936 1640 saepius
948 1544 1239 1646 adolescentibus

222 1673 365 1745 honoris
382 1693 501 1758 causa,
527 1679 609 1742 aute
628 1668 823 1763 legitimam
847 1677 987 1742 aetatem
1006 1693 1161 1765 summas
1183 1670 1242 1742 di-

224 1772 391 1893 gnitates
414 1798 518 1870 etiam
536 1794 765 1868 Consulatum
782 1780 990 1882 tribuerent,
1009 1795 1243 1891 quemadmo-

223 1924 308 1996 dum
323 1924 360 1995 in
375 1922 483 1995 variis
495 1920 727 1995 marmoribus
741 1919 908 2017 quosdam
927 1921 1023 1993 intra
1036 1923 1152 1994 aetatis
1167 1922 1242 2017 pri-

226 2048 373 2134 mordia,
395 2046 529 2119 scilicet
564 2047 767 2119 vicesimum
796 2046 958 2141 quintum
986 2043 1153 2134 annum²,
1182 2047 1241 2120 vel
1352 2145 1356 2153 .

221 2174 334 2270 primo
358 2173 476 2246 aetatis
498 2195 583 2244 suae
602 2169 729 2260 fiore3,
759 2170 851 2244 tales
880 2180 1057 2246 aetantes
1086 2172 1240 2246 honores

221 2299 459 2394 promeruisse
473 2297 639 2392 legimus.

270 2425 365 2500 Ordo
381 2427 519 2522 quoque
534 2425 746 2519 dignitatum
761 2448 1012 2521 nonnunquam
1031 2427 1119 2498 miro
1138 2426 1239 2499 modo

219 2549 443 2646 perturbatus
455 2549 606 2642 videtur3
622 2551 686 2640 ita,
701 2550 863 2645 quamvis
879 2548 1096 2624 Praefectura
1105 2560 1241 2647 praeto-

220 2676 322 2748 riana
337 2675 532 2771 perspicuis
552 2672 761 2749 testimoniis
783 2676 1046 2772 innumerisque
1066 2666 1238 2772 exemplis
1269 2651 1271 2657 Ι
1330 2756 1333 2761 ,

218 2801 333 2897 potior
345 2799 481 2872 urbana
496 2823 703 2896 semperque
717 2799 868 2873 nobilior
882 2809 1002 2897 aperte
1016 2787 1234 2891 ostendatur,

219 2924 408 3020 aliquando
428 2924 473 2997 ab
487 2924 565 3020 ipsa
589 2925 750 2997 Praetorii
764 2902 984 3000 Praefectura
1004 2926 1048 2998 ad
1065 2926 1237 3000 urbanam

218 3049 352 3123 aditum
374 3051 527 3146 patuisse
547 3051 798 3147 conspicimus3
822 3046 915 3125 imde
928 3053 1061 3128 Rufius
1074 3054 1236 3128 Ceionius

130 3192 133 3197 ’
218 3174 435 3248 Volusianus
465 3199 510 3248 ex
529 3169 700 3250 Praefecto
728 3178 900 3251 Praetorio
931 3178 1125 3255 Praefectus
1148 3182 1236 3255 Urbi

217 3300 413 3397 appellatur
423 3299 449 3389 ²¹,
470 3309 513 3373 ut·
521 3301 621 3397 prius
643 3290 828 3395 Praetorio,
850 3329 930 3378 mox
943 3285 1031 3378 Urbi
1049 3305 1236 3403 praefuisse

137 3470 142 3475 ·
210 3426 391 3516 rideatur,
404 3435 440 3499 et
451 3426 678 3522 lampadius,
692 3446 796 3524 quum
812 3454 860 3521 eu¹
875 3429 1048 3504 Praefecto
1064 3434 1235 3506 Praetorio

215 3747 306 3797 simum
322 3763 448 3814 quemque
469 3750 556 3813 elegit,
583 3767 613 3802 ac
628 3754 724 3806 tenuit:
735 3757 885 3821 praefectum
898 3760 1048 3811 urbi-unum
1064 3778 1095 3812 ex
1109 3763 1235 3814 cancella-

215 3829 259 3877 riis
271 3829 323 3878 suis
338 3829 406 3890 fecit,
418 3846 468 3896 quo
483 3832 575 3882 foedius
592 3849 639 3884 uec
655 3837 862 3904 eogitaripotest
872 3840 1016 3907 aliquando,
1032 3859 1078 3893 nec
1093 3844 1151 3896 dici.
1167 3863 1181 3891 s

245 3918 255 3955 ¹
271 3919 398 3991 Legitima
409 3927 473 3972 aetas
482 3927 620 3987 quaesturae
634 3925 681 3975 fuit
692 3926 803 3991 primum
815 3931 862 3980 sub
875 3932 1001 3995 Augustis
1013 3934 1148 3983 vicesimus
1160 3936 1235 3999 quin-

213 4002 255 4047 tus
265 4001 350 4049 aetatis
362 4016 453 4065 annus,
468 4009 560 4069 postea
573 4007 620 4055 sub
633 4006 802 4073 Constantino
816 4018 902 4064 sextus
913 4015 1079 4065 decimusaut
1090 4016 1236 4066 vicesimus.

244 4077 458 4143 ²Orell.·Henz.,
482 4091 509 4134 n⁰
524 4085 595 4138 3159.

243 4158 255 4194 ³
271 4162 355 4239 leia,
371 4169 397 4213 n⁶
412 4164 483 4221 3185.
499 4195 527 4233 ε
540 4171 627 4231 leid,
640 4175 667 4219 η’
682 4171 752 4222 1140.

244 4240 255 4275 ⁴
272 4239 357 4303 Corn,
370 4245 471 4308 Priapi,
486 4262 511 4311 p.
522 4261 599 4300 ων.
613 4279 640 4287 -
655 4252 741 4310 Ictu,
754 4267 778 4316 p.
797 4252 852 4320 229.
