3128 5078
541 512 603 599 ¹un
628 545 936 600 runrsoiorrouu
1016 537 1018 542 ’
1223 550 1252 600 11

242 690 565 765 oelsubcrbiccria
579 690 719 762 Tuscioe
730 672 962 779 annonariae,
970 696 1156 783 utramque
1166 686 1262 760 Arno

241 804 793 910 fluviodisterminante1,opponi
802 813 901 886 solet.
911 805 1152 909 Caeterumper
1162 836 1263 909 quar-

242 942 316 1016 tum'
328 940 496 1022 saeculum
506 938 617 1013 variae
629 937 774 1013 fuerunt
790 939 905 1013 Italiae
920 940 1127 1026 divisiones,
1143 941 1262 1034 varia·

243 1091 310 1164 que
321 1067 584 1164 provinciarum
599 1067 742 1139 nomina
757 1091 827 1139 non
841 1066 965 1140 iisdem
982 1090 1120 1163 semper
1134 1065 1261 1139 finibus
1327 1132 1331 1139 ,

242 1169 604 1289 circumscriptarum,
612 1201 651 1264 ut
661 1217 705 1265 ex
714 1191 855 1265 Libello
861 1193 1141 1290 provinciarum
1155 1202 1262 1264 oons-
1288 1178 1293 1189 ⁶

242 1329 306 1407 tat,
331 1344 394 1393 seu
413 1320 618 1392 recensione
640 1319 735 1391 circa
752 1341 882 1405 annum
903 1311 1103 1408 365'facta,
1120 1326 1159 1390 ut
1176 1302 1260 1414 jure
1304 1368 1307 1381 .

150 1446 156 1455 ’
203 1433 207 1439 ’
241 1446 433 1519 arbitratur
446 1442 739 1536 Mommsenius23
753 1446 791 1517 in
811 1468 880 1542 qua
897 1446 1065 1519 Picenum
1078 1452 1157 1540 post
1170 1444 1261 1518 Fla-

241 1572 385 1643 miniam
404 1570 538 1664 legitur
557 1571 634 1663 sine
650 1570 876 1644 distinctione
889 1570 1127 1643 suburbicarii
1145 1558 1261 1643 anno·

240 1693 435 1791 nariique³‚
458 1718 574 1790 neque
585 1695 742 1767 Valeriae
760 1696 829 1767 ulla
847 1694 884 1767 fit
903 1696 1033 1768 mentio
1049 1695 1200 1791 primurn
1220 1694 1257 1766 in

239 1822 409 1917 rescripto
422 1829 625 1894 memoratae
644 1820 895 1916 imperatorum
918 1820 1061 1893 Arcadii
1074 1829 1120 1892 et
1138 1820 1258 1892 Hono-

240 1948 286 2018 rii
301 1948 346 2020 ad
359 1926 572 2044 Benignum,
593 1923 777 2019 Vicarium
792 1936 899 2018 Urbis
917 1947 1053 2038 Romae,
1070 1940 1174 2018 anno'
1184 1947 1258 2020 399

239 2068 381 2165 emisso,
395 2060 542 2168 “atque
569 2073 608 2144 in
635 2073 780 2146 Notitio
808 2063 1072 2170 Dipoitotam⁵
1096 2072 1157 2144 ubi
1179 2096 1258 2144 cum

238 2198 369 2271 Piceno
384 2198 642 2289 suburbicario,
664 2197 841 2271 Flaminia
860 2207 895 2270 et
911 2200 1042 2273 Piceno
1061 2199 1257 2272 annonario

79 2348 83 2355 ·
164 2413 168 2423 ¹
239 2326 333 2398 inter
350 2325 594 2420 septemdecim
608 2325 810 2421 provincias
830 2326 894 2398 sub
910 2325 1135 2422 dispositione
1153 2327 1257 2398 Prae-

238 2447 321 2524 fecti
344 2450 517 2523 Praetorio
544 2450 657 2522 italiae
686 2445 852 2545 positas⁶
879 2459 1097 2523 numeratur.
1132 2448 1257 2523 Sicilia

239 2577 356 2664 etiam,
395 2575 590 2670 antiquitus
618 2575 657 2681 in
689 2570 837 2663 formam
867 2560 1062 2669 provinciae
1099 2575 1254 2669 redacta,

238 2724 345 2797 quum
372 2700 552 2795 regiones,
582 2699 693 2770 nullae
721 2707 839 2771 autem
869 2699 1063 2794 provinciae
1091 2701 1127 2772 in
1142 2697 1257 2773 ‘Italia

238 2835 367 2915 essent,
395 2825 586 2922 aliquando
612 2825 657 2897 ab
681 2823 785 2898 ltalia
807 2833 1010 2920 separatur,
1023 2825 1257 2926 'quemadmo-

238 2951 320 3022 dum
345 2951 489 3025 Corsica
512 2961 546 3024 et
569 2950 749 3040 Sardinia,
772 2973 850 3023 aevo
874 2949 1069 3048 posteriore
1092 2951 1256 3041 abitalia

238 3086 422 3173 separatae,
443 3074 575 3150 Africae
590 3077 767 3171 adjunctae
785 3073 901 3150 sunt⁷.
919 3076 1155 3177 Quaecumque
1169 3101 1255 3149 vero

238 3202 494 3276 urbicariarum
515 3211 549 3275 et
569 3202 890 3275 suburbicariarum
904 3203 1089 3296 regionum
1102 3201 1254 3274 definitio

266 3589 277 3623 ¹
294 3586 456 3651 Mommsen,
473 3603 517 3652 op.
535 3590 594 3648 ait„
612 3605 637 3654 p.
658 3580 776 3648 atr-211,
793 3616 825 3626 -
840 3588 938 3650 Amm,
958 3588 977 3638 1.
998 3587 1106 3648 XXVII,
1125 3602 1148 3638 c.
1166 3599 1206 3637 111.
1225 3600 1269 3624 -·

235 3670 315 3722 Rem.
327 3672 511 3733 Feldmesser,
530 3672 551 3734 1,
564 3688 589 3737 p.
601 3671 656 3722 346.
670 3672 759 3733 (Gaius
772 3675 798 3722 et
809 3671 972 3730 Theodosius,
982 3670 1138 3733 auctores)...
1154 3669 1254 3720 Termi·

236 3767 286 3802 nus
296 3754 418 3803 testacius
431 3755 458 3802 in
472 3770 497 3819 p.
514 3767 593 3803 eccon
602 3769 649 3819 per
660 3753 780 3803 Tusciam
794 3753 949 3803 urbicariam
961 3754 988 3803 e't
997 3752 1170 3804 annonariam.

266 3834 279 3871 ²
295 3838 390 3905 Libelt.
403 3838 540 3888 Prooimc.
557 3865 586 3872 —
603 3835 765 3898 Mommsen,
778 3852 804 3901 p.
813 3835 870 3887 210.

267 3916 385 3977 moen..
398 3918 432 3978 II,
446 3930 472 3981 p.
489 3916 543 3966 132,

266 3998 278 4034 ⁴
294 3997 398 4060 Gothof,
413 3999 476 4048 God.
496 3999 608 4060 Theoti,
625 3997 671 4057 IX,
687 3997 728 4049 tit.
740 3996 780 4058 30,
792 3996 809 4048 l.
823 3996 846 4046 5.

267 4078 279 4114 ⁵
295 4076 458 4141 Mommsen,
469 4079 538 4127 ibid.
841 4101 843 4107 ·

267 4159 279 4194 ⁶
295 4161 358 4210 Not.
375 4160 476 4220 Dion,
494 4158 568 4223 11,·p.
580 4158 649 4209 9-10.

269 4237 281 4275 ⁷
297 4238 459 4298 Mommsen,
469 4253 495 4302 p.
510 4237 566 4298 201,
581 4244 633 4291 not.
649 4238 687 4290 96.
704 4265 731 4274 -
743 4241 828 4300 leid,
843 4254 868 4304 p.
882 4239 936 4290 172.
