3128 5078
293 529 297 537 ¹
351 509 382 558 34
586 510 636 560 DE
657 507 945 562 PRAEFucTURa
968 511 1133 564 URBANA

350 648 488 720 nomina
508 648 547 719 in
566 647 675 721 sacris
692 648 860 721 Ecclesiae
878 648 1009 739 Fastis,
1034 648 1232 723 christianis
1252 655 1367 748 scrip-

351 772 483 844 toribus
504 780 538 844 et
551 773 749 869 Martyrum
763 772 859 845 Actis
870 783 1059 847 occurrunt
1078 774 1103 845 ¹.

397 896 511 992 Supra
535 897 689 970 tribunal
707 922 778 970 non
797 901 834 971 in
860 897 938 971 foro
957 901 1115 973 Romano
1134 902 1189 974 vel
1208 906 1361 996 comitio,

348 1024 413 1097 sub
448 1023 535 1096 caelo
569 1032 689 1119 aperto
722 1035 877 1097 erectum
909 1021 946 1115 2,
981 1027 1072 1098 sicut
1108 1027 1191 1099 olim
1226 1032 1364 1102 Praetor

347 1149 516 1236 urbanus
539 1149 602 1221 sed
637 1150 733 1220 intra
756 1149 910 1244 parietes
937 1151 1077 1241 aedium,
1103 1153 1140 1224 in
1165 1155 1365 1228 auditorio³
1445 1209 1447 1212 <

281 1326 285 1333 ·
346 1274 481 1371 quoda
509 1272 738 1379 Symmaccho
766 1277 1007 1347 secretarium
1041 1288 1186 1350 vocatur
1208 1278 1234 1369 ⁴,
1272 1280 1364 1354 fori-

345 1399 411 1473 bus
429 1410 545 1473 tamen
562 1377 706 1495 apertis,
729 1409 767 1472 ut
781 1400 916 1494 judicia
935 1399 1076 1496 publica
1095 1400 1225 1494 forent,
1242 1407 1363 1481 diebus

344 1522 444 1599 fastis
477 1535 512 1598 et
546 1525 645 1598 horis
678 1525 759 1619 lege
781 1526 980 1599 constitutis
997 1523 1023 1618 ⁵,
1052 1527 1247 1604 Praefectus
1274 1533 1361 1605 Urbi

342 1653 423 1728 lites
444 1654 641 1727 dirimebat.
663 1654 750 1737 Quae
773 1656 974 1727 secretorio
1007 1653 1067 1726 vel
1091 1664 1232 1728 secretu
1247 1659 1361 1750 judi-

231 1842 233 1846 4
262 1756 267 1763 ⁴
342 1781 455 1854 ciulc'u
472 1776 497 1869 ⁶,
514 1777 699 1874 dequibus
718 1777 843 1850 crebra
859 1779 896 1851 in
916 1788 1039 1875 quarto
1059 1777 1190 1851 saeculo
1208 1785 1361 1854 occurrit

341 1905 487 1994 mentio,
498 1904 599 2000 quasi
617 1902 766 1975 delubra
789 1912 890 1976 erant
908 1904 1192 1997 magistratuum,
1203 1914 1241 1978 ut
1259 1906 1358 2001 prius

339 2029 493 2102 basilicae
503 2051 582 2125 quae
593 2027 777 2121 magnifice
785 2028 966 2101 aedificatae
981 2038 1086 2124 atque
1096 2038 1277 2103 exornatae
1287 2034 1356 2104 tri-

338 2154 481 2228 bunalia
520 2153 677 2248 judicum
710 2153 1013 2226 centumviralium
1056 2153 1274 2250 aliorumque
1319 2159 1356 2229 in

274 2329 276 2334 ·
336 2281 457 2355 intima
476 2290 576 2376 parte
595 2279 821 2352 continebant
844 2278 870 2368 ⁷,
898 2289 932 2353 et
953 2279 1035 2352 huic
1055 2282 1133 2353 usui
1154 2305 1217 2376 per
1247 2290 1356 2354 totum

337 2406 489 2479 medium
515 2429 632 2477 aeuum
656 2429 768 2501 usque
791 2406 835 2478 ad
854 2408 1048 2479 recentiora
1070 2415 1238 2502 tempora,
1260 2408 1357 2482 velut

336 2531 491 2605 Ecclesia
515 2530 635 2604 Sancti
658 2533 766 2621 Petri,
793 2532 985 2625 assignatae
1008 2530 1156 2606 fuerunt
1173 2529 1198 2602 ⁸.
1222 2534 1263 2604 ln
1288 2557 1356 2629 qua·

336 2683 420 2733 vero
436 2659 539 2731 Urbis
548 2660 693 2752 regione
706 2660 935 2732 secretarium
948 2657 1115 2764 Praefecti
1122 2660 1263 2736 ,Urbani
1272 2658 1356 2735 fuo-

336 2787 381 2860 rit
398 2786 532 2861 nullum
551 2782 684 2858 certum
695 2785 860 2887 indicium
880 2784 1149 2874 habemusuisi
1165 2784 1257 2859 forte
1267 2786 1355 2859 illud

337 2912 566 2988 secretarium
595 2910 739 2985 Senatui
768 2911 991 3004 conjunctum
1009 2933 1030 2983 a
1050 2912 1250 2985 Domitiano
1270 2937 1356 2986 exs-

367 3185 377 3222 1
392 3186 474 3247 eom,
489 3200 515 3250 p.
528 3199 643 3237 xxxvur.

367 3264 380 3302 ²
396 3265 489 3324 walt,
504 3270 523 3315 t.
540 3266 571 3326 ΙΙ,
584 3280 609 3328 p.
625 3264 681 3313 342.

366 3350 379 3386 ³
397 3351 459 3401 ὅσα.
486 3350 598 3405 Theou„
615 3345 635 3404 Ι,
650 3345 690 3396 tit.
706 3342 745 3403 16,
761 3343 778 3391 Ι.
799 3342 824 3401 9,
844 3341 996 3391 Paratitlon.
1017 3369 1043 3377 -
1063 3342 1126 3392 cod.
1144 3343 1228 3399 Just..
1244 3342 1265 3400 1,
1281 3346 1299 3394 t.
1313 3343 1353 3403 ⁴5,

367 3515 378 3567 Ι
395 3511 500 3574 Symm„
515 3509 533 3560 l.
548 3509 582 3569 X,
592 3524 632 3574 ep.
645 3507 687 3558 36.-

366 3592 378 3631 ⁵
393 3591 529 3655 Hollweg.‚
547 3591 591 3651 ΙΙΙ,
604 3590 732 3641 Gerichts
746 3588 797 3639 Ort
807 3588 872 3636 und
886 3586 955 3644 Zeia
967 3599 992 3648 p.
1009 3582 1125 3634 raa-194.

366 3674 378 3711 Ι
394 3676 491 3734 cmm,
506 3673 523 3723 l.
537 3671 594 3732 XV,
608 3685 631 3721 c.
648 3683 694 3719 vn.
715 3685 729 3712 «
740 3666 911 3729 ...Tanquam
921 3665 947 3713 in
956 3663 1071 3728 judiciali
1085 3666 1214 3725 secreto..
1229 3681 1243 3709 a

366 3755 378 3790 ⁷
393 3754 608 3814 Bcschrciburcy
617 3755 668 3801 der
678 3751 758 3802 stadt
771 3750 863 3807 Rom,
874 3747 921 3806 ΙΙΙ,
935 3745 960 3806 2,
976 3760 1001 3809 p.
1020 3744 1059 3794 86.
1077 3761 1091 3789 a
1103 3743 1209 3793 Hintere
1225 3743 1354 3795 Theilder

333 3832 445 3886 Basilica
459 3833 528 3883 Julia
552 3846 605 3880 war
622 3827 749 3878 naturlioh
760 3826 809 3876 den
820 3825 957 3875 Geriohten
971 3823 1115 3887 gewidmet.
1132 3825 1166 3872 Ee
1182 3823 1280 3874 scheint
1294 3824 1354 3875 dass

334 3917 380 3967 das
394 3911 670 3977 Centumviralgericht
684 3911 709 3959 in
721 3910 762 3958 ihr
777 3906 914 3959 Stattland.
929 3925 943 3953 »

364 3998 376 4034 ⁸
397 3998 477 4053 loia,
492 3995 537 4055 ΙΙΙ,
557 3993 579 4053 1,
592 4008 616 4056 p.
633 3989 687 4041 349.
706 4007 720 4035 a
735 3987 938 4038 Ausdrttokliohe
951 3984 1126 4036 Nachrichten
1143 3984 1277 4034 versichen
1294 3985 1354 4035 dass

332 4078 399 4127 noch
408 4077 444 4124 im
457 4075 535 4124 Jahre
547 4073 603 4122 1521
616 4073 641 4121 iu
656 4071 740 4120 dieser
753 4069 849 4119 Kirche
859 4067 993 4131 (Aracoelit
1002 4066 1106 4117 Gericht
1114 4065 1353 4130 gehaltenwurde.»

334 4187 362 4197 -
372 4159 457 4217 loia,
474 4157 507 4216 ΙΙ,
527 4153 549 4215 l,
563 4169 588 4218 p.
603 4152 655 4203 ΙΙΙ.
678 4171 691 4197 e
708 4150 839 4201 Erhielten
856 4149 897 4198 die
911 4148 976 4198 Civil
993 4147 1045 4196 uud
1071 4146 1291 4200 Grimiualrichter
1307 4146 1353 4196 der

332 4238 406 4290 Stadt
429 4239 495 4287 Rom
513 4235 593 4284 indie
615 4232 792 4283 Peterslrirche
817 4232 888 4280 ihren
914 4228 1016 4279 Gehelt.
1034 4248 1047 4275 a
