<?xml version="1.0" encoding="UTF-8"?>
<!DOCTYPE html PUBLIC "-//W3C//DTD XHTML 1.0 Transitional//EN"
    "http://www.w3.org/TR/xhtml1/DTD/xhtml1-transitional.dtd">
<html xmlns="http://www.w3.org/1999/xhtml" xml:lang="en" lang="en">
 <head>
  <title>
</title>
<meta http-equiv="Content-Type" content="text/html;charset=utf-8" />
  <meta name='ocr-system' content='tesseract 3.04.00' />
  <meta name='ocr-capabilities' content='ocr_page ocr_carea ocr_par ocr_line ocrx_word'/>
</head>
<body>
  <div class='ocr_page' id='page_1' title='image "./depraefecturaur00logoog_0080.png"; bbox 0 0 3128 5078; ppageno 0'>
   <div class='ocr_carea' id='block_1_1' title="bbox 274 556 1211 611">
    <p class='ocr_par' dir='ltr' id='par_1_1' title="bbox 274 556 1211 611">
     <span class='ocr_line' id='line_1_1' title="bbox 274 556 1211 611; baseline 0.003 -4"><span class='ocrx_word' id='word_1_1' title='bbox 274 559 322 610; x_wconf 81' lang='lat' dir='ltr'>DE</span> <span class='ocrx_word' id='word_1_2' title='bbox 340 557 514 610; x_wconf 67' lang='lat' dir='ltr'>oculeus</span> <span class='ocrx_word' id='word_1_3' title='bbox 529 556 756 610; x_wconf 76' lang='lat' dir='ltr'><strong>MINORIBUS</strong></span> <span class='ocrx_word' id='word_1_4' title='bbox 776 557 824 608; x_wconf 79' lang='lat' dir='ltr'>ET</span> <span class='ocrx_word' id='word_1_5' title='bbox 844 559 1133 611; x_wconf 80' lang='lat' dir='ltr'>OFFICIALIBUS</span> <span class='ocrx_word' id='word_1_6' title='bbox 1180 560 1211 610; x_wconf 78' lang='lat'>67</span> 
     </span>
    </p>
   </div>
   <div class='ocr_carea' id='block_1_2' title="bbox 141 656 1217 3299">
    <p class='ocr_par' dir='ltr' id='par_1_2' title="bbox 196 656 1217 2142">
     <span class='ocr_line' id='line_1_2' title="bbox 199 656 1214 778; baseline 0.001 -25"><span class='ocrx_word' id='word_1_7' title='bbox 199 682 352 776; x_wconf 88' lang='lat' dir='ltr'>seposita</span> <span class='ocrx_word' id='word_1_8' title='bbox 362 690 396 754; x_wconf 93' lang='lat' dir='ltr'>et</span> <span class='ocrx_word' id='word_1_9' title='bbox 411 656 557 776; x_wconf 85' lang='lat' dir='ltr'>posteris</span> <span class='ocrx_word' id='word_1_10' title='bbox 572 678 798 751; x_wconf 78' lang='lat' dir='ltr'>aedificiorum</span> <span class='ocrx_word' id='word_1_11' title='bbox 810 679 923 751; x_wconf 90' lang='lat' dir='ltr'>ruinis</span> <span class='ocrx_word' id='word_1_12' title='bbox 939 681 1092 775; x_wconf 86' lang='lat' dir='ltr'>sepulta:</span> <span class='ocrx_word' id='word_1_13' title='bbox 1103 706 1214 778; x_wconf 93' lang='lat' dir='ltr'>prop-</span> 
     </span>
     <span class='ocr_line' id='line_1_3' title="bbox 199 803 1213 902; baseline 0.001 -24"><span class='ocrx_word' id='word_1_14' title='bbox 199 816 251 879; x_wconf 89' lang='lat' dir='ltr'>ter</span> <span class='ocrx_word' id='word_1_15' title='bbox 266 831 345 902; x_wconf 90' lang='lat' dir='ltr'>quae</span> <span class='ocrx_word' id='word_1_16' title='bbox 364 809 549 880; x_wconf 91' lang='lat' dir='ltr'>innumera</span> <span class='ocrx_word' id='word_1_17' title='bbox 567 829 783 879; x_wconf 90' lang='lat' dir='ltr'>marmorum</span> <span class='ocrx_word' id='word_1_18' title='bbox 802 803 1000 900; x_wconf 88' lang='lat' dir='ltr'>fragmenta</span> <span class='ocrx_word' id='word_1_19' title='bbox 1020 806 1083 879; x_wconf 88' lang='lat' dir='ltr'>illa</span> <span class='ocrx_word' id='word_1_20' title='bbox 1114 807 1213 901; x_wconf 81' lang='lat' dir='ltr'>regio</span> 
     </span>
     <span class='ocr_line' id='line_1_4' title="bbox 198 931 1216 1029; baseline 0 -25"><span class='ocrx_word' id='word_1_21' title='bbox 198 935 410 1006; x_wconf 79' lang='lat' dir='ltr'>nuncetiam</span> <span class='ocrx_word' id='word_1_22' title='bbox 429 933 550 1006; x_wconf 91' lang='lat' dir='ltr'>Italico</span> <span class='ocrx_word' id='word_1_23' title='bbox 571 956 731 1006; x_wconf 83' lang='lat' dir='ltr'>sermone</span> <span class='ocrx_word' id='word_1_24' title='bbox 747 932 806 1004; x_wconf 86' lang='lat' dir='ltr'>Lu</span> <span class='ocrx_word' id='word_1_25' title='bbox 829 931 1066 1006; x_wconf 80' lang='lat' dir='ltr'>Mormorutu</span> <span class='ocrx_word' id='word_1_26' title='bbox 1090 932 1216 1029; x_wconf 92' lang='lat' dir='ltr'>appel-</span> 
     </span>
     <span class='ocr_line' id='line_1_5' title="bbox 198 1058 1215 1156; baseline -0.001 -25"><span class='ocrx_word' id='word_1_27' title='bbox 198 1058 326 1132; x_wconf 84' lang='lat' dir='ltr'>iatur¹.</span> <span class='ocrx_word' id='word_1_28' title='bbox 344 1058 395 1131; x_wconf 88' lang='lat' dir='ltr'>Ibi</span> <span class='ocrx_word' id='word_1_29' title='bbox 413 1083 550 1156; x_wconf 90' lang='lat' dir='ltr'>quoque</span> <span class='ocrx_word' id='word_1_30' title='bbox 564 1059 690 1132; x_wconf 89' lang='lat' dir='ltr'>detecti</span> <span class='ocrx_word' id='word_1_31' title='bbox 709 1066 790 1131; x_wconf 91' lang='lat' dir='ltr'>sunt</span> <span class='ocrx_word' id='word_1_32' title='bbox 809 1080 910 1132; x_wconf 90' lang='lat' dir='ltr'>arcus</span> <span class='ocrx_word' id='word_1_33' title='bbox 924 1059 1086 1131; x_wconf 83' lang='lat' dir='ltr'>Porticus</span> <span class='ocrx_word' id='word_1_34' title='bbox 1102 1059 1215 1130; x_wconf 83' lang='lat' dir='ltr'>AEmi-</span> 
     </span>
     <span class='ocr_line' id='line_1_6' title="bbox 198 1185 1216 1280; baseline -0.001 -23"><span class='ocrx_word' id='word_1_35' title='bbox 198 1186 256 1257; x_wconf 91' lang='lat' dir='ltr'>liae</span> <span class='ocrx_word' id='word_1_36' title='bbox 277 1209 357 1258; x_wconf 93' lang='lat' dir='ltr'>cum</span> <span class='ocrx_word' id='word_1_37' title='bbox 388 1185 492 1257; x_wconf 85' lang='lat' dir='ltr'>scalis</span> <span class='ocrx_word' id='word_1_38' title='bbox 517 1186 572 1257; x_wconf 89' lang='lat' dir='ltr'>vel</span> <span class='ocrx_word' id='word_1_39' title='bbox 600 1185 769 1280; x_wconf 81' lang='lat' dir='ltr'>gradibus</span> <span class='ocrx_word' id='word_1_40' title='bbox 792 1209 855 1280; x_wconf 93' lang='lat' dir='ltr'>per</span> <span class='ocrx_word' id='word_1_41' title='bbox 880 1209 968 1280; x_wconf 90' lang='lat' dir='ltr'>quos</span> <span class='ocrx_word' id='word_1_42' title='bbox 993 1209 1014 1257; x_wconf 91' lang='lat' dir='ltr'>a</span> <span class='ocrx_word' id='word_1_43' title='bbox 1036 1186 1144 1258; x_wconf 86' lang='lat' dir='ltr'>fluvio</span> <span class='ocrx_word' id='word_1_44' title='bbox 1171 1186 1216 1258; x_wconf 87' lang='lat' dir='ltr'>ad</span> 
     </span>
     <span class='ocr_line' id='line_1_7' title="bbox 199 1310 1214 1408; baseline -0.001 -25"><span class='ocrx_word' id='word_1_45' title='bbox 199 1311 403 1408; x_wconf 75' lang='lat' dir='ltr'><em>emporium</em></span> <span class='ocrx_word' id='word_1_46' title='bbox 430 1335 492 1383; x_wconf 89' lang='lat' dir='ltr'>seu</span> <span class='ocrx_word' id='word_1_47' title='bbox 522 1334 643 1383; x_wconf 90' lang='lat' dir='ltr'>aream</span> <span class='ocrx_word' id='word_1_48' title='bbox 672 1333 838 1405; x_wconf 87' lang='lat' dir='ltr'>magnam</span> <span class='ocrx_word' id='word_1_49' title='bbox 872 1310 969 1385; x_wconf 88' lang='lat' dir='ltr'>silice</span> <span class='ocrx_word' id='word_1_50' title='bbox 1002 1321 1149 1384; x_wconf 90' lang='lat' dir='ltr'>stratam</span> <span class='ocrx_word' id='word_1_51' title='bbox 1180 1320 1214 1383; x_wconf 91' lang='lat' dir='ltr'>ot</span> 
     </span>
     <span class='ocr_line' id='line_1_8' title="bbox 197 1434 1215 1533; baseline 0.002 -27"><span class='ocrx_word' id='word_1_52' title='bbox 197 1434 313 1508; x_wconf 88' lang='lat' dir='ltr'>forum</span> <span class='ocrx_word' id='word_1_53' title='bbox 327 1436 507 1509; x_wconf 90' lang='lat' dir='ltr'>Pistorum</span> <span class='ocrx_word' id='word_1_54' title='bbox 523 1434 820 1524; x_wconf 71' lang='lat' dir='ltr'>ascendebatur23</span> <span class='ocrx_word' id='word_1_55' title='bbox 838 1435 888 1506; x_wconf 90' lang='lat' dir='ltr'>ita</span> <span class='ocrx_word' id='word_1_56' title='bbox 905 1445 942 1507; x_wconf 92' lang='lat' dir='ltr'>ut</span> <span class='ocrx_word' id='word_1_57' title='bbox 960 1436 1019 1507; x_wconf 93' lang='lat' dir='ltr'>hic</span> <span class='ocrx_word' id='word_1_58' title='bbox 1040 1437 1138 1510; x_wconf 91' lang='lat' dir='ltr'>locus</span> <span class='ocrx_word' id='word_1_59' title='bbox 1158 1439 1215 1533; x_wconf 91' lang='lat' dir='ltr'>qui</span> 
     </span>
     <span class='ocr_line' id='line_1_9' title="bbox 197 1563 1216 1660; baseline 0.002 -25"><span class='ocrx_word' id='word_1_60' title='bbox 197 1564 350 1635; x_wconf 90' lang='lat' dir='ltr'>omnium</span> <span class='ocrx_word' id='word_1_61' title='bbox 370 1586 491 1657; x_wconf 87' lang='lat' dir='ltr'>rerum</span> <span class='ocrx_word' id='word_1_62' title='bbox 506 1563 655 1636; x_wconf 79' lang='lat' dir='ltr'>maxime</span> <span class='ocrx_word' id='word_1_63' title='bbox 673 1564 956 1637; x_wconf 89' lang='lat' dir='ltr'>necessariarum</span> <span class='ocrx_word' id='word_1_64' title='bbox 980 1573 1015 1636; x_wconf 93' lang='lat' dir='ltr'>et</span> <span class='ocrx_word' id='word_1_65' title='bbox 1038 1566 1216 1660; x_wconf 90' lang='lat' dir='ltr'>pretiosa-</span> 
     </span>
     <span class='ocr_line' id='line_1_10' title="bbox 198 1687 1216 1786; baseline 0.002 -24"><span class='ocrx_word' id='word_1_66' title='bbox 198 1716 277 1762; x_wconf 90' lang='lat' dir='ltr'>rum</span> <span class='ocrx_word' id='word_1_67' title='bbox 302 1688 560 1785; x_wconf 80' lang='lat' dir='ltr'>receptaculum</span> <span class='ocrx_word' id='word_1_68' title='bbox 588 1687 681 1764; x_wconf 90' lang='lat' dir='ltr'>foret</span> <span class='ocrx_word' id='word_1_69' title='bbox 712 1690 795 1762; x_wconf 91' lang='lat' dir='ltr'>talis</span> <span class='ocrx_word' id='word_1_70' title='bbox 823 1690 972 1786; x_wconf 91' lang='lat' dir='ltr'>quodam</span> <span class='ocrx_word' id='word_1_71' title='bbox 1003 1692 1105 1763; x_wconf 91' lang='lat' dir='ltr'>modo</span> <span class='ocrx_word' id='word_1_72' title='bbox 1135 1706 1216 1765; x_wconf 91' lang='lat' dir='ltr'>ante</span> 
     </span>
     <span class='ocr_line' id='line_1_11' title="bbox 197 1817 1217 1914; baseline 0 -24"><span class='ocrx_word' id='word_1_73' title='bbox 197 1817 317 1890; x_wconf 87' lang='lat' dir='ltr'>oculos</span> <span class='ocrx_word' id='word_1_74' title='bbox 339 1833 463 1888; x_wconf 84' lang='lat' dir='ltr'>rursus</span> <span class='ocrx_word' id='word_1_75' title='bbox 491 1817 609 1911; x_wconf 81' lang='lat' dir='ltr'>effingi</span> <span class='ocrx_word' id='word_1_76' title='bbox 637 1819 746 1913; x_wconf 89' lang='lat' dir='ltr'>possit</span> <span class='ocrx_word' id='word_1_77' title='bbox 774 1817 887 1914; x_wconf 89' lang='lat' dir='ltr'>qualis</span> <span class='ocrx_word' id='word_1_78' title='bbox 914 1828 1007 1890; x_wconf 89' lang='lat' dir='ltr'>esset</span> <span class='ocrx_word' id='word_1_79' title='bbox 1026 1818 1137 1914; x_wconf 62' lang='lat' dir='ltr'>⁴quum</span> <span class='ocrx_word' id='word_1_80' title='bbox 1155 1828 1217 1892; x_wconf 84' lang='lat' dir='ltr'>&#39;tot</span> 
     </span>
     <span class='ocr_line' id='line_1_12' title="bbox 196 1943 1216 2042; baseline 0.004 -27"><span class='ocrx_word' id='word_1_81' title='bbox 196 1944 417 2017; x_wconf 90' lang='lat' dir='ltr'>mirabilibus</span> <span class='ocrx_word' id='word_1_82' title='bbox 433 1943 594 2039; x_wconf 84' lang='lat' dir='ltr'>operibus</span> <span class='ocrx_word' id='word_1_83' title='bbox 608 1955 795 2019; x_wconf 90' lang='lat' dir='ltr'>ornaretur</span> <span class='ocrx_word' id='word_1_84' title='bbox 821 1969 931 2042; x_wconf 91' lang='lat' dir='ltr'>eoque</span> <span class='ocrx_word' id='word_1_85' title='bbox 955 1946 1089 2018; x_wconf 81' lang='lat' dir='ltr'>divitiae</span> <span class='ocrx_word' id='word_1_86' title='bbox 1108 1946 1216 2019; x_wconf 90' lang='lat' dir='ltr'>totius</span> 
     </span>
     <span class='ocr_line' id='line_1_13' title="bbox 197 2068 521 2142; baseline -0.003 -2"><span class='ocrx_word' id='word_1_87' title='bbox 197 2068 293 2141; x_wconf 91' lang='lat' dir='ltr'>orbis</span> <span class='ocrx_word' id='word_1_88' title='bbox 311 2069 521 2142; x_wconf 88' lang='lat' dir='ltr'>adfluerent.</span> 
     </span>
    </p>

    <p class='ocr_par' dir='ltr' id='par_1_3' title="bbox 141 2191 1217 3299">
     <span class='ocr_line' id='line_1_14' title="bbox 246 2191 1217 2290; baseline 0.002 -24"><span class='ocrx_word' id='word_1_89' title='bbox 246 2193 300 2266; x_wconf 89' lang='lat' dir='ltr'>Ad</span> <span class='ocrx_word' id='word_1_90' title='bbox 319 2193 478 2266; x_wconf 90' lang='lat' dir='ltr'>eumdem</span> <span class='ocrx_word' id='word_1_91' title='bbox 491 2191 704 2267; x_wconf 74' lang='lat' dir='ltr'>Praefectum</span> <span class='ocrx_word' id='word_1_92' title='bbox 723 2195 918 2290; x_wconf 87' lang='lat' dir='ltr'>pertinebat</span> <span class='ocrx_word' id='word_1_93' title='bbox 927 2218 1079 2268; x_wconf 91' lang='lat' dir='ltr'>annonae</span> <span class='ocrx_word' id='word_1_94' title='bbox 1096 2196 1217 2268; x_wconf 88' lang='lat' dir='ltr'>civicae</span> 
     </span>
     <span class='ocr_line' id='line_1_15' title="bbox 141 2318 1216 2416; baseline 0.004 -25"><span class='ocrx_word' id='word_1_95' title='bbox 141 2342 143 2345; x_wconf 85' lang='lat'>·</span> <span class='ocrx_word' id='word_1_96' title='bbox 197 2319 389 2413; x_wconf 78' lang='lat' dir='ltr'>erogandae</span> <span class='ocrx_word' id='word_1_97' title='bbox 414 2343 500 2392; x_wconf 89' lang='lat' dir='ltr'>cura</span> <span class='ocrx_word' id='word_1_98' title='bbox 521 2318 560 2390; x_wconf 76' lang='lat'>⁸:</span> <span class='ocrx_word' id='word_1_99' title='bbox 592 2344 698 2416; x_wconf 89' lang='lat' dir='ltr'>quare</span> <span class='ocrx_word' id='word_1_100' title='bbox 715 2331 860 2393; x_wconf 80' lang='lat' dir='ltr'>tesserae</span> <span class='ocrx_word' id='word_1_101' title='bbox 877 2319 1121 2396; x_wconf 81' lang='lat' dir='ltr'>frumentariae</span> <span class='ocrx_word' id='word_1_102' title='bbox 1153 2347 1216 2395; x_wconf 92' lang='lat' dir='ltr'>seu</span> 
     </span>
     <span class='ocr_line' id='line_1_16' title="bbox 197 2444 1215 2544; baseline 0.006 -29"><span class='ocrx_word' id='word_1_103' title='bbox 197 2444 288 2516; x_wconf 83' lang='lat' dir='ltr'>tituli</span> <span class='ocrx_word' id='word_1_104' title='bbox 315 2446 403 2517; x_wconf 87' lang='lat' dir='ltr'>aenei</span> <span class='ocrx_word' id='word_1_105' title='bbox 422 2447 460 2517; x_wconf 91' lang='lat' dir='ltr'>in</span> <span class='ocrx_word' id='word_1_106' title='bbox 487 2470 573 2541; x_wconf 90' lang='lat' dir='ltr'>quos</span> <span class='ocrx_word' id='word_1_107' title='bbox 597 2455 631 2518; x_wconf 91' lang='lat' dir='ltr'>et</span> <span class='ocrx_word' id='word_1_108' title='bbox 660 2446 758 2541; x_wconf 91' lang='lat' dir='ltr'>panis</span> <span class='ocrx_word' id='word_1_109' title='bbox 783 2446 905 2520; x_wconf 90' lang='lat' dir='ltr'>modus</span> <span class='ocrx_word' id='word_1_110' title='bbox 929 2457 964 2520; x_wconf 93' lang='lat' dir='ltr'>et</span> <span class='ocrx_word' id='word_1_111' title='bbox 990 2450 1215 2544; x_wconf 83' lang='lat' dir='ltr'>percipientis</span> 
     </span>
     <span class='ocr_line' id='line_1_17' title="bbox 197 2571 1216 2647; baseline 0.004 -4"><span class='ocrx_word' id='word_1_112' title='bbox 197 2596 324 2645; x_wconf 88' lang='lat' dir='ltr'>nomen</span> <span class='ocrx_word' id='word_1_113' title='bbox 351 2572 459 2644; x_wconf 89' lang='lat' dir='ltr'>incidi</span> <span class='ocrx_word' id='word_1_114' title='bbox 489 2572 662 2645; x_wconf 90' lang='lat' dir='ltr'>debebant</span> <span class='ocrx_word' id='word_1_115' title='bbox 690 2596 711 2644; x_wconf 92' lang='lat' dir='ltr'>a</span> <span class='ocrx_word' id='word_1_116' title='bbox 743 2571 916 2646; x_wconf 78' lang='lat' dir='ltr'>Praefecto</span> <span class='ocrx_word' id='word_1_117' title='bbox 945 2596 1094 2646; x_wconf 82' lang='lat' dir='ltr'>annonae</span> <span class='ocrx_word' id='word_1_118' title='bbox 1128 2575 1216 2647; x_wconf 90' lang='lat' dir='ltr'>sub-</span> 
     </span>
     <span class='ocr_line' id='line_1_18' title="bbox 196 2695 1215 2794; baseline 0.002 -24"><span class='ocrx_word' id='word_1_119' title='bbox 196 2698 438 2771; x_wconf 88' lang='lat' dir='ltr'>scribebantur</span> <span class='ocrx_word' id='word_1_120' title='bbox 459 2697 484 2768; x_wconf 72' lang='lat'>²¹.</span> <span class='ocrx_word' id='word_1_121' title='bbox 513 2698 616 2771; x_wconf 85' lang='lat' dir='ltr'>Areae</span> <span class='ocrx_word' id='word_1_122' title='bbox 634 2695 876 2771; x_wconf 88' lang='lat' dir='ltr'>frumentariae</span> <span class='ocrx_word' id='word_1_123' title='bbox 903 2709 1056 2794; x_wconf 89' lang='lat' dir='ltr'>praeerat</span> <span class='ocrx_word' id='word_1_124' title='bbox 1084 2700 1215 2772; x_wconf 86' lang='lat' dir='ltr'>variis-</span> 
     </span>
     <span class='ocr_line' id='line_1_19' title="bbox 196 2825 1213 2922; baseline 0.001 -24"><span class='ocrx_word' id='word_1_125' title='bbox 196 2849 263 2920; x_wconf 85' lang='lat' dir='ltr'>que</span> <span class='ocrx_word' id='word_1_126' title='bbox 287 2825 580 2897; x_wconf 90' lang='lat' dir='ltr'>Procuratoribus</span> <span class='ocrx_word' id='word_1_127' title='bbox 599 2848 748 2896; x_wconf 87' lang='lat' dir='ltr'>annonae</span> <span class='ocrx_word' id='word_1_128' title='bbox 772 2826 809 2895; x_wconf 90' lang='lat' dir='ltr'>in</span> <span class='ocrx_word' id='word_1_129' title='bbox 833 2826 1065 2920; x_wconf 86' lang='lat' dir='ltr'>provinciise</span> <span class='ocrx_word' id='word_1_130' title='bbox 1090 2826 1213 2922; x_wconf 89' lang='lat' dir='ltr'>quibus</span> 
     </span>
     <span class='ocr_line' id='line_1_20' title="bbox 196 2931 1213 3047; baseline 0.002 -25"><span class='ocrx_word' id='word_1_131' title='bbox 196 2975 308 3024; x_wconf 90' lang='lat' dir='ltr'>canon</span> <span class='ocrx_word' id='word_1_132' title='bbox 353 2949 604 3024; x_wconf 85' lang='lat' dir='ltr'>frumentarius</span> <span class='ocrx_word' id='word_1_133' title='bbox 647 2952 794 3024; x_wconf 86' lang='lat' dir='ltr'>Romam</span> <span class='ocrx_word' id='word_1_134' title='bbox 835 2931 1074 3024; x_wconf 83' lang='lat' dir='ltr'>advehebatur</span> <span class='ocrx_word' id='word_1_135' title='bbox 1111 2952 1213 3047; x_wconf 88' lang='lat' dir='ltr'>jussa</span> 
     </span>
     <span class='ocr_line' id='line_1_21' title="bbox 195 3075 1212 3173; baseline 0.004 -25"><span class='ocrx_word' id='word_1_136' title='bbox 195 3076 453 3150; x_wconf 91' lang='lat' dir='ltr'>transmittebat</span> <span class='ocrx_word' id='word_1_137' title='bbox 467 3075 493 3165; x_wconf 79' lang='lat'>⁵,</span> <span class='ocrx_word' id='word_1_138' title='bbox 509 3075 568 3147; x_wconf 87' lang='lat' dir='ltr'>vel</span> <span class='ocrx_word' id='word_1_139' title='bbox 584 3077 726 3149; x_wconf 87' lang='lat' dir='ltr'>consilia</span> <span class='ocrx_word' id='word_1_140' title='bbox 744 3078 1020 3150; x_wconf 89' lang='lat' dir='ltr'>communicabat</span> <span class='ocrx_word' id='word_1_141' title='bbox 1030 3088 1068 3151; x_wconf 91' lang='lat' dir='ltr'>ut</span> <span class='ocrx_word' id='word_1_142' title='bbox 1088 3077 1212 3173; x_wconf 86' lang='lat' dir='ltr'>fruges</span> 
     </span>
     <span class='ocr_line' id='line_1_22' title="bbox 194 3203 1209 3299; baseline 0 -24"><span class='ocrx_word' id='word_1_143' title='bbox 194 3204 241 3276; x_wconf 92' lang='lat' dir='ltr'>ibi</span> <span class='ocrx_word' id='word_1_144' title='bbox 257 3213 433 3299; x_wconf 82' lang='lat' dir='ltr'>congestae</span> <span class='ocrx_word' id='word_1_145' title='bbox 447 3226 600 3297; x_wconf 81' lang='lat' dir='ltr'>congruo</span> <span class='ocrx_word' id='word_1_146' title='bbox 620 3211 776 3298; x_wconf 89' lang='lat' dir='ltr'>tempore</span> <span class='ocrx_word' id='word_1_147' title='bbox 795 3203 839 3274; x_wconf 90' lang='lat' dir='ltr'>ad</span> <span class='ocrx_word' id='word_1_148' title='bbox 857 3204 989 3276; x_wconf 91' lang='lat' dir='ltr'>Urbem</span> <span class='ocrx_word' id='word_1_149' title='bbox 1006 3204 1209 3298; x_wconf 79' lang='lat' dir='ltr'>dirigeren-</span> 
     </span>
    </p>
   </div>
   <div class='ocr_carea' id='block_1_3' title="bbox 194 3326 1317 3424">
    <p class='ocr_par' dir='ltr' id='par_1_4' title="bbox 194 3326 1317 3424">
     <span class='ocr_line' id='line_1_23' title="bbox 194 3326 1317 3424; baseline 0.002 -24"><span class='ocrx_word' id='word_1_150' title='bbox 194 3337 263 3401; x_wconf 88' lang='lat' dir='ltr'>tur.</span> <span class='ocrx_word' id='word_1_151' title='bbox 283 3331 336 3403; x_wconf 91' lang='lat' dir='ltr'>De</span> <span class='ocrx_word' id='word_1_152' title='bbox 361 3351 501 3402; x_wconf 91' lang='lat' dir='ltr'>annona</span> <span class='ocrx_word' id='word_1_153' title='bbox 521 3328 662 3424; x_wconf 92' lang='lat' dir='ltr'>quidem</span> <span class='ocrx_word' id='word_1_154' title='bbox 687 3327 778 3399; x_wconf 90' lang='lat' dir='ltr'>nihil</span> <span class='ocrx_word' id='word_1_155' title='bbox 796 3326 991 3401; x_wconf 81' lang='lat' dir='ltr'>Praefectus</span> <span class='ocrx_word' id='word_1_156' title='bbox 1017 3328 1101 3401; x_wconf 92' lang='lat' dir='ltr'>Urbi</span> <span class='ocrx_word' id='word_1_157' title='bbox 1132 3332 1207 3403; x_wconf 88' lang='lat' dir='ltr'>sine</span> <span class='ocrx_word' id='word_1_158' title='bbox 1314 3333 1317 3339; x_wconf 84' lang='grc'><strong>’</strong></span> 
     </span>
    </p>
   </div>
   <div class='ocr_carea' id='block_1_4' title="bbox 152 3433 1206 3675">
    <p class='ocr_par' dir='ltr' id='par_1_5' title="bbox 152 3433 1206 3675">
     <span class='ocr_line' id='line_1_24' title="bbox 194 3433 1206 3549; baseline 0 -22"><span class='ocrx_word' id='word_1_159' title='bbox 194 3453 367 3528; x_wconf 89' lang='lat' dir='ltr'>Praefecto</span> <span class='ocrx_word' id='word_1_160' title='bbox 385 3478 535 3528; x_wconf 92' lang='lat' dir='ltr'>annonae</span> <span class='ocrx_word' id='word_1_161' title='bbox 555 3433 741 3549; x_wconf 80' lang='lat' dir='ltr'>disponere</span> <span class='ocrx_word' id='word_1_162' title='bbox 758 3461 907 3549; x_wconf 85' lang='lat' dir='ltr'>poterat,</span> <span class='ocrx_word' id='word_1_163' title='bbox 923 3463 969 3543; x_wconf 91' lang='lat' dir='ltr'>et,</span> <span class='ocrx_word' id='word_1_164' title='bbox 988 3479 1056 3549; x_wconf 91' lang='lat' dir='ltr'>quo</span> <span class='ocrx_word' id='word_1_165' title='bbox 1075 3455 1206 3527; x_wconf 89' lang='lat' dir='ltr'>firmior</span> 
     </span>
     <span class='ocr_line' id='line_1_25' title="bbox 152 3577 1205 3675; baseline 0 -21"><span class='ocrx_word' id='word_1_166' title='bbox 152 3620 153 3623; x_wconf 36' lang='lat'>¹</span> <span class='ocrx_word' id='word_1_167' title='bbox 194 3582 351 3656; x_wconf 90' lang='lat' dir='ltr'>muneris</span> <span class='ocrx_word' id='word_1_168' title='bbox 380 3581 528 3654; x_wconf 85' lang='lat' dir='ltr'>societas</span> <span class='ocrx_word' id='word_1_169' title='bbox 555 3579 735 3652; x_wconf 88' lang='lat' dir='ltr'>videretur</span> <span class='ocrx_word' id='word_1_170' title='bbox 758 3577 783 3668; x_wconf 76' lang='lat'>⁶,</span> <span class='ocrx_word' id='word_1_171' title='bbox 813 3590 1015 3675; x_wconf 90' lang='lat' dir='ltr'>carpentum</span> <span class='ocrx_word' id='word_1_172' title='bbox 1044 3580 1205 3656; x_wconf 88' lang='lat' dir='ltr'>Praefecti</span> 
     </span>
    </p>
   </div>
   <div class='ocr_carea' id='block_1_5' title="bbox 189 3796 1194 4269">
    <p class='ocr_par' dir='ltr' id='par_1_6' title="bbox 189 3796 638 3942">
     <span class='ocr_line' id='line_1_26' title="bbox 223 3796 582 3869; baseline -0.017 -18"><span class='ocrx_word' id='word_1_173' title='bbox 223 3799 232 3835; x_wconf 87' lang='lat'>¹</span> <span class='ocrx_word' id='word_1_174' title='bbox 249 3800 375 3860; x_wconf 65' lang='lat' dir='ltr'>Handb„</span> <span class='ocrx_word' id='word_1_175' title='bbox 389 3799 412 3869; x_wconf 84' lang='grc' dir='ltr'>Ι,</span> <span class='ocrx_word' id='word_1_176' title='bbox 427 3813 452 3861; x_wconf 91' lang='lat' dir='ltr'>p.</span> <span class='ocrx_word' id='word_1_177' title='bbox 465 3796 582 3846; x_wconf 75' lang='lat' dir='ltr'>aee-465.</span> 
     </span>
     <span class='ocr_line' id='line_1_27' title="bbox 189 3874 638 3942; baseline -0.007 -11"><span class='ocrx_word' id='word_1_178' title='bbox 189 3874 195 3881; x_wconf 61' lang='grc'><em>’</em></span> <span class='ocrx_word' id='word_1_179' title='bbox 222 3879 234 3915; x_wconf 74' lang='lat'><strong>²</strong></span> <span class='ocrx_word' id='word_1_180' title='bbox 250 3881 416 3939; x_wconf 66' lang='lat' dir='ltr'>nullatenu,</span> <span class='ocrx_word' id='word_1_181' title='bbox 432 3894 473 3942; x_wconf 92' lang='lat' dir='ltr'>op.</span> <span class='ocrx_word' id='word_1_182' title='bbox 485 3892 560 3942; x_wconf 90' lang='lat' dir='ltr'>supra</span> <span class='ocrx_word' id='word_1_183' title='bbox 571 3876 638 3928; x_wconf 89' lang='lat' dir='ltr'>laud.</span> 
     </span>
    </p>

    <p class='ocr_par' dir='ltr' id='par_1_7' title="bbox 221 3957 968 4019">
     <span class='ocr_line' id='line_1_28' title="bbox 221 3957 968 4019; baseline -0.007 -7"><span class='ocrx_word' id='word_1_184' title='bbox 221 3961 232 3997; x_wconf 78' lang='grc'>3</span> <span class='ocrx_word' id='word_1_185' title='bbox 251 3964 314 4012; x_wconf 85' lang='lat' dir='ltr'>Cod.</span> <span class='ocrx_word' id='word_1_186' title='bbox 328 3962 440 4018; x_wconf 65' lang='lat' dir='ltr'>Theod„</span> <span class='ocrx_word' id='word_1_187' title='bbox 451 3959 520 4018; x_wconf 90' lang='lat' dir='ltr'>XIV,</span> <span class='ocrx_word' id='word_1_188' title='bbox 531 3959 570 4008; x_wconf 89' lang='lat' dir='ltr'>tit.</span> <span class='ocrx_word' id='word_1_189' title='bbox 586 3959 624 4019; x_wconf 77' lang='lat'>17,</span> <span class='ocrx_word' id='word_1_190' title='bbox 639 3958 676 4007; x_wconf 92' lang='lat' dir='ltr'>De</span> <span class='ocrx_word' id='word_1_191' title='bbox 688 3957 794 4007; x_wconf 86' lang='lat' dir='ltr'>annonis</span> <span class='ocrx_word' id='word_1_192' title='bbox 806 3958 903 4017; x_wconf 87' lang='lat' dir='ltr'>civicis,</span> <span class='ocrx_word' id='word_1_193' title='bbox 916 3958 933 4009; x_wconf 84' lang='lat' dir='ltr'>l.</span> <span class='ocrx_word' id='word_1_194' title='bbox 945 3961 968 4008; x_wconf 83' lang='lat'>5.</span> 
     </span>
    </p>

    <p class='ocr_par' dir='ltr' id='par_1_8' title="bbox 222 4040 538 4104">
     <span class='ocr_line' id='line_1_29' title="bbox 222 4040 538 4104; baseline 0.006 -14"><span class='ocrx_word' id='word_1_195' title='bbox 222 4043 232 4076; x_wconf 70' lang='lat'><strong><em>⁴</em></strong></span> <span class='ocrx_word' id='word_1_196' title='bbox 249 4040 340 4103; x_wconf 84' lang='lat' dir='ltr'>Walt,</span> <span class='ocrx_word' id='word_1_197' title='bbox 353 4041 374 4101; x_wconf 92' lang='grc' dir='ltr'>Ι,</span> <span class='ocrx_word' id='word_1_198' title='bbox 387 4056 411 4104; x_wconf 77' lang='grc' dir='ltr'>ρ.</span> <span class='ocrx_word' id='word_1_199' title='bbox 424 4040 538 4093; x_wconf 83' lang='grc'>558-559.</span> 
     </span>
    </p>

    <p class='ocr_par' dir='ltr' id='par_1_9' title="bbox 189 4119 1194 4269">
     <span class='ocr_line' id='line_1_30' title="bbox 221 4119 1194 4186; baseline 0.002 -16"><span class='ocrx_word' id='word_1_200' title='bbox 221 4120 232 4157; x_wconf 83' lang='lat'>⁵</span> <span class='ocrx_word' id='word_1_201' title='bbox 248 4121 432 4172; x_wconf 86' lang='lat' dir='ltr'>Procuratores</span> <span class='ocrx_word' id='word_1_202' title='bbox 442 4136 549 4171; x_wconf 88' lang='lat' dir='ltr'>annonae</span> <span class='ocrx_word' id='word_1_203' title='bbox 561 4121 586 4170; x_wconf 91' lang='lat' dir='ltr'>iu</span> <span class='ocrx_word' id='word_1_204' title='bbox 594 4121 738 4170; x_wconf 81' lang='lat' dir='ltr'>civitatibus</span> <span class='ocrx_word' id='word_1_205' title='bbox 750 4119 854 4179; x_wconf 85' lang='lat' dir='ltr'>Africae,</span> <span class='ocrx_word' id='word_1_206' title='bbox 863 4122 887 4169; x_wconf 92' lang='lat' dir='ltr'>in</span> <span class='ocrx_word' id='word_1_207' title='bbox 895 4120 1031 4186; x_wconf 82' lang='lat' dir='ltr'>provinciis</span> <span class='ocrx_word' id='word_1_208' title='bbox 1043 4120 1194 4172; x_wconf 88' lang='lat' dir='ltr'>Narbonens</span> 
     </span>
     <span class='ocr_line' id='line_1_31' title="bbox 189 4194 890 4269; baseline -0.001 -16"><span class='ocrx_word' id='word_1_209' title='bbox 189 4209 214 4253; x_wconf 91' lang='lat' dir='ltr'>et</span> <span class='ocrx_word' id='word_1_210' title='bbox 227 4194 341 4269; x_wconf 59' lang='lat' dir='ltr'>Liguria,</span> <span class='ocrx_word' id='word_1_211' title='bbox 356 4204 381 4252; x_wconf 90' lang='lat' dir='ltr'>in</span> <span class='ocrx_word' id='word_1_212' title='bbox 394 4203 518 4268; x_wconf 85' lang='lat' dir='ltr'>Hispania</span> <span class='ocrx_word' id='word_1_213' title='bbox 529 4210 555 4253; x_wconf 90' lang='lat' dir='ltr'>et</span> <span class='ocrx_word' id='word_1_214' title='bbox 566 4203 643 4252; x_wconf 84' lang='lat' dir='ltr'>Ostiis</span> <span class='ocrx_word' id='word_1_215' title='bbox 655 4209 890 4253; x_wconf 79' lang='lat' dir='ltr'>commemorantur.</span> 
     </span>
    </p>
   </div>
   <div class='ocr_carea' id='block_1_6' title="bbox 220 4284 864 4345">
    <p class='ocr_par' dir='ltr' id='par_1_10' title="bbox 220 4284 864 4345">
     <span class='ocr_line' id='line_1_32' title="bbox 220 4284 864 4345; baseline 0 -10"><span class='ocrx_word' id='word_1_216' title='bbox 220 4284 231 4320; x_wconf 67' lang='grc' dir='ltr'>θ</span> <span class='ocrx_word' id='word_1_217' title='bbox 250 4286 312 4341; x_wconf 76' lang='lat' dir='ltr'>Coc.</span> <span class='ocrx_word' id='word_1_218' title='bbox 322 4289 408 4345; x_wconf 71' lang='lat' dir='ltr'>Just,</span> <span class='ocrx_word' id='word_1_219' title='bbox 422 4287 442 4344; x_wconf 86' lang='lat'>1,</span> <span class='ocrx_word' id='word_1_220' title='bbox 453 4285 492 4337; x_wconf 89' lang='lat' dir='ltr'>tit.</span> <span class='ocrx_word' id='word_1_221' title='bbox 504 4285 543 4344; x_wconf 80' lang='lat'>28,</span> <span class='ocrx_word' id='word_1_222' title='bbox 555 4285 591 4334; x_wconf 85' lang='lat' dir='ltr'>De</span> <span class='ocrx_word' id='word_1_223' title='bbox 603 4284 686 4334; x_wconf 81' lang='lat' dir='ltr'>officio</span> <span class='ocrx_word' id='word_1_224' title='bbox 701 4284 776 4334; x_wconf 80' lang='lat' dir='ltr'>Praes.</span> <span class='ocrx_word' id='word_1_225' title='bbox 791 4284 864 4336; x_wconf 88' lang='lat' dir='ltr'>Urbi.</span> 
     </span>
    </p>
   </div>
   <div class='ocr_carea' id='block_1_7' title="bbox 0 0 1568 5078">
    <p class='ocr_par' dir='ltr' id='par_1_11' title="bbox 0 0 1568 5078">
     <span class='ocr_line' id='line_1_33' title="bbox 0 0 1568 5078; baseline 0 2"><span class='ocrx_word' id='word_1_226' title='bbox 0 0 1568 5078; x_wconf 95' lang='lat' dir='ltr'> </span> 
     </span>
    </p>
   </div>
  </div>
 </body>
</html>
