3128 5078
363 527 393 578 df
599 525 648 575 un
669 524 956 576 PRAEFECTURA
977 523 1143 575 busana

364 647 533 742 rescripta
553 646 598 718 ad
612 643 809 718 Praefectos
823 645 989 734 urbanos
1013 654 1084 717 tarn
1102 665 1212 739 pauca
1229 665 1314 715 vero
1334 641 1382 712 ad

364 773 531 846 Senatum
553 772 793 866 Populumque
830 772 963 845 directa
997 773 1036 842 in
1071 768 1382 843 constitutionibus

313 875 317 884 ¹
362 894 592 993 reperimus¹.
899 893 902 898 ’
1200 894 1202 898 ’

410 1022 502 1106 Quin
519 1022 624 1095 etiam
644 1022 817 1096 indubiis
836 1023 941 1096 rebus
961 1034 1022 1096 aut
1039 1023 1266 1121 gravioribus
1288 1044 1381 1094 cau-

363 1149 413 1221 sis
434 1170 521 1243 quas
535 1172 598 1243 per
613 1150 837 1244 semetipsum
851 1149 999 1223 definire
1012 1175 1084 1222 non
1104 1158 1252 1245 poterat,
1272 1172 1380 1244 quum

365 1282 640 1346 cunctaretur'et
652 1271 871 1368 ambigeret²
892 1276 1058 1370 quidnam
1076 1284 1259 1361 statueret,
1272 1275 1381 1346 Prae-

361 1397 474 1471 fectus
509 1399 553 1471 ad
584 1400 786 1495 Principem
817 1399 994 1473 referebat
1020 1399 1046 1488 ³,
1086 1401 1163 1473 fidis
1194 1408 1378 1494 gestorum

359 1525 577 1597 documentis
587 1525 632 1597 ad
643 1525 775 1597 scrinia
784 1548 884 1598 sacra
892 1527 1011 1598 missis
1020 1535 1059 1596 ut
1068 1526 1251 1598 fluctuanti
1259 1549 1378 1599 causee

359 1649 494 1722 stabilis
512 1649 683 1721 terminus
708 1648 831 1720 divino
855 1672 1021 1744 responso
1042 1649 1254 1745 poneretur⁴¹
1271 1677 1278 1720 :
1295 1673 1377 1745 quae

358 1775 548 1847 relationes
577 1775 634 1847 rel
660 1772 934 1846 consultationes
957 1774 1119 1869 plurimae
1146 1776 1239 1870 apud
1265 1775 1378 1871 Sym-

359 1898 723 1994 machum5leguntur
741 1922 853 1995 neque
872 1923 950 1970 cum
971 1900 1051 1972 aliis
1067 1900 1297 1973 relationibus
1311 1924 1377 1995 ap-

357 2022 563 2118 pellationis
588 2023 706 2116 gratia
730 2024 781 2094 in.
795 2024 911 2094 causis
926 2023 1128 2118 judiciariis
1147 2025 1193 2096 ad
1214 2025 1376 2120 Impera·
1426 2085 1429 2089 Δ

359 2156 453 2220 tores
487 2148 632 2220 directis
660 2146 916 2221 confundendae
944 2147 1061 2221 sumt.
1089 2150 1148 2221 Sic
1167 2151 1204 2222 in
1223 2174 1374 2222 annonae

357 2275 504 2347 caritate
523 2275 581 2347 vel
598 2277 760 2370 penuria,
782 2277 820 2347 in
836 2275 954 2347 aerarii
968 2273 1162 2349 defectibus
1178 2284 1237 2348 aut
1255 2275 1374 2346 cbris-

358 2400 532 2471 tianorum
540 2401 678 2494 jurgiis
697 2400 906 2472 dirimendis
928 2410 988 2472 aut
1004 2401 1069 2473 alio
1089 2402 1213 2498 quovis
1229 2401 1373 2496 ancipiti

357 2526 499 2619 negotio
519 2512 714 2598 Praefectus
735 2527 907 2598 auxilium
926 2528 1104 2622 Principis
1124 2537 1290 2624 tanquam
1310 2550 1372 2597 so-

355 2651 428 2723 lum
447 2651 640 2723 remedium
666 2653 757 2747 quod
784 2651 946 2724 omnibus
974 2653 1075 2747 malis
1099 2653 1233 2726 mederi
1253 2659 1370 2748 posset

359 2776 557 2865 invocabat,
574 2777 660 2849 adeo
679 2777 919 2870 ¹degeneribus
934 2775 1040 2870 hujus
1055 2778 1131 2849 aevi
1143 2778 1313 2852 Romanis
1331 2790 1370 2852 ut

355 2926 400 2974 ex
432 2902 537 2973 unius
562 2902 715 2973 bominis
747 2911 838 2973 nutu
864 2878 1057 2997 penderent
1085 2903 1141 2974 cui
1165 2927 1203 2976 se
1236 2928 1368 3000 suaque

349 3006 471 3099 ¹omnia
506 3027 763 3121 permitterent,
782 3035 816 3099 et
841 3050 862 3099 a
885 3051 952 3122 quo
970 3028 1066 3099 velut
1084 3028 1270 3102 a'salutari
1294 3033 1367 3104 Deo

354 3155 471 3228 omnia
490 3153 580 3226 bona
595 3162 850 3248 exspectarent.

382 3426 392 3461 ¹
411 3429 473 3477 Cod.
486 3428 599 3485 Thema,
610 3427 714 3490 passim.

382 3505 393 3540 2
410 3504 501 3564 Bdclr„
515 3507 535 3567 1,
551 3521 575 3570 p.
588 3505 636 3555 275
649 3522 655 3567 ;
670 3506 704 3562 Il,
720 3521 745 3570 p.
762 3506 818 3554 1117.

383 3586 394 3620 ³
411 3588 518 3647 Symm,
533 3586 550 3636 l.
568 3587 602 3647 X,
613 3589 732 3650 passim.

382 3668 393 3703 ⁴
409 3668 494 3727 leid,
509 3681 548 3730 ep.
561 3668 600 3717 46.

381 3747 393 3783 5
409 3748 493 3806 leid„
506 3749 611 3811 passim.

381 3826 393 3862 ⁶
409 3826 582 3892 Book.,11,p.
598 3827 653 3877 417.
