3128 5078
458 552 506 605 DE
523 550 704 603 ANNONIS
721 546 933 601 PRAEFEGTI
1156 543 1203 598 '8i

193 672 345 762 salariis,
371 675 420 747 ita
442 669 547 755 dictis
576 674 658 769 quia
679 671 814 767 species
838 672 974 743 diurnae
1002 679 1061 742 aut
1080 667 1222 742 annuae'

195 801 446 896 erogabantur,
478 800 671 874 sexcenties
707 797 800 895 apud
834 799 1021 895 scriptores
1055 795 1211 871 historiae

195 931 368 1024 Augustae
392 930 522 1002 mentio
552 927 704 1000 occurrit
722 923 747 994 ¹.
769 924 929 998 Annonae
949 931 1069 1019 postea
1094 945 1213 996 omnes

97 1073 99 1077 ·
194 1057 361 1129 adaeratae
378 1064 457 1129 sunt
484 1063 518 1128 et
537 1053 654 1129 aureis
682 1051 836 1124 nummis
854 1051 911 1125 vel
929 1050 1046 1123 solidis
1066 1058 1209 1140 taxatae,

199 1181 491 1280 quemadmodum
510 1204 555 1253 ex
565 1178 666 1252 titulo
678 1178 813 1251 Codicis
825 1175 1015 1249 Justiuiani
1030 1175 1073 1249 de
1090 1175 1215 1250 Officio

199 1305 366 1381 Praefecti
392 1307 563 1380 Praetorio
581 1302 712 1380 Africae
745 1312 879 1376 constat
892 1301 925 1395 ²3
952 1310 1055 1399 atque
1073 1318 1218 1375 ex'arca

199 1433 354 1529 speciali,
373 1457 435 1506 seu
454 1454 537 1505 arca
556 1427 784 1503 Praefecturae
798 1430 1039 1521 Praetorianae,
1061 1427 1219 1501 omnibus

197 1557 377 1653 judicibus
414 1557 581 1629 civilibus
611 1579 651 1629 ac
681 1554 894 1629 militaribus
923 1554 1159 1649 erogabantur
1191 1552 1215 1622 ³.

204 1675 336 1770 Quippe
349 1675 428 1769 jann
456 1674 578 1747 indeo
605 1671 819 1768 temporibus
847 1670 1070 1745 Constantini
1097 1667 1220 1764 Magni

203 1799 367 1874 Praefecti
379 1801 565 1887 Praetorio,
583 1822 652 1870 non
669 1799 743 1893 jam
753 1794 918 1869 Praefecti
930 1798 1047 1873 aerarii
1058 1794 1086 1885 ¹¹,
1102 1795 1226 1867 omni-·

204 1925 270 1998 bus
300 1926 450 1998 annonis
491 1925 670 2020 palatinis
713 1922 921 1996 militaribus
941 1945 982 1995 ac
1005 1922 1137 2014 civicis
1164 1920 1223 1992 vel
1280 2023 1284 2032 Ι

205 2051 388 2146 exigendis
396 2050 455 2124 vel
465 2050 654 2144 erogandis
664 2047 869 2144 praeerant5,
878 2050 1042 2145 ipsasque
1050 2047 1225 2142 Augusto-

205 2307 292 2360 δοσθαι
306 2306 365 2356 τότε
384 2305 509 2369 ἐνομίσθη·
525 2306 555 2355 τὸ
565 2306 608 2369 μίν
626 2307 674 2370 γὰρ
686 2306 762 2355 πάλαι
773 2306 963 2372 ἐργολαὸοῦντές
972 2322 1036 2363 τινες
1050 2299 1171 2371 πορὰτοῦ
1181 2307 1224 2366 ou·

205 2391 294 2455 μοοίου
312 2389 395 2438 πάντα
413 2388 483 2452 σφίσι
504 2388 536 2437 τὰ
552 2387 613 2453 πρὸς
624 2389 669 2446 τὴν
682 2388 760 2453 ἀρχὴν
772 2388 879 2454 φέροντα
894 2393 1012 2454 παρεῖχον
1024 2405 1029 2415 ·
1041 2388 1080 2438 ἐπὶ
1093 2388 1119 2437 δὲ
1135 2390 1164 2448 δὴ
1180 2395 1225 2439 τοῦ

206 2472 334 2536 Καίσαρος
345 2475 444 2539 πρῶτον
466 2469 537 2520 αὐτοὶ
553 2469 642 2520 ἐκεῖνοι
656 2471 748 2520 τακτόν
771 2486 795 2519 τι
811 2470 944 2532 λαμὸάνειν
958 2471 1064 2536 ἤρξαντο
1083 2469 1125 2518 καὶ
1149 2474 1225 2518 τοῦτο

205 2552 249 2614 μὲν
266 2550 312 2600 οὐκ
320 2550 348 2600 ἐκ
362 2554 406 2599 τοῦ
422 2547 478 2598 ίσου
495 2549 557 2599 πᾶσί
570 2566 665 2613 σφισιν,
684 2546 768 2606 autu<
780 2566 828 2600 που
840 2551 882 2599 καὶ
898 2551 998 2615 ἠχρεία
1015 2549 1105 2615 ἀπῄτει
1125 2548 1223 2613 ἐτάχθη.

206 2658 234 2666 -
244 2630 329 2687 Ibid.,
345 2627 354 2677 l
376 2627 558 2688 L11‚.·c.xx111.
581 2622 788 2693 Λαμὸανέτωσαί
809 2631 836 2679 δὲ
854 2631 940 2693 μισθὸν
957 2631 1047 2688 πάντες
1060 2630 1129 2680 οὗτοι
1144 2633 1167 2678 oi
1183 2631 1226 2687 τὰς

186 2714 252 2771 ·ἒξω
267 2718 310 2772 τῆς
325 2711 420 2768 πόλεως
436 2712 513 2776 ἀρχὰς
526 2711 726 2776 ἐπιτρεπομενοι,
741 2709 817 2759 πλείω
832 2711 875 2773 μὲν
893 2710 917 2760 οί
934 2712 1039 2774 μείζους,
1057 2711 1152 2762 ἐλάττω
1163 2711 1190 2760 δὲ
1202 2712 1225 2759 oi

205 2792 408 2857 καταδεέστεροι,
425 2792 501 2855 μέσον
518 2792 545 2840 δὲ
561 2793 584 2839 οἱ
599 2792 700 2855 μέσοι...

238 2869 342 2932 ¹·Vop.,
357 2871 413 2919 Vit.
425 2871 534 2928 Aurel„
548 2883 571 2917 c.
582 2882 620 2918 1x.
638 2887 652 2915 a
665 2868 788 2933 Ejusdem
799 2869 929 2919 Valeriani
939 2869 990 2920 alia
1002 2875 1041 2921 est
1053 2868 1161 2934 epistola
1169 2884 1226 2933 quae

205 2947 292 3000 laudes
303 2949 370 2998 iltius
380 2947 531 3014 (Aureliani)
541 2950 654 3000 eontinet
661 2964 739 3015 quam
747 2965 795 3013 ego
805 2967 835 3000 ex
843 2952 943 3002 scriniis
951 2951 1115 3005 Praefecturae
1122 2950 1226 3001 urbanae
1253 2949 1256 2953 ’

162 3028 166 3032 ’
206 3029 308 3094 protuli,
319 3029 385 3078 Nam
400 3027 436 3078 illi
450 3029 560 3079 venienti
571 3027 665 3080 salaria
680 3031 719 3080 sui
738 3031 834 3081 ordinis
855 3037 914 3081 sunt
933 3032 1086 3082 decreta...»
1099 3032 1228 3096 (Sequitur

206 3111 351 3176 exemplum
372 3112 506 3175 epistolae.)
520 3141 547 3156 ÷
568 3111 711 3178 Lamprid.,
732 3115 787 3163 Vit.
808 3116 889 3164 Alex.
905 3115 978 3173 Seu,
995 3129 1017 3163 c.
1034 3127 1099 3167 xnn.
1126 3132 1139 3159 a
1163 3113 1226 3165 Cum

188 3258 191 3264 Ι
204 3192 479 3257 judieespromoreret‚
495 3193 612 3258 exemplo
622 3198 737 3243 veterum
751 3199 858 3259 argento
869 3199 896 3243 et
910 3192 1063 3244 necessariis
1076 3193 1226 3252 instruebat,
1330 3221 1337 3234 ·

208 3274 245 3322 ita
259 3277 287 3322 ut
300 3271 423 3337 praesides
440 3272 629 3337 provinciarum
642 3273 787 3337 acciperent
799 3274 899 3340 argenti
914 3275 998 3338 pondo
1015 3275 1113 3334 vicena,
1128 3274 1227 3338 phialae

209 3369 292 3413 senas,
303 3353 385 3403 mulos
398 3353 481 3412 binos,
492 3360 578 3404 vestes
588 3354 701 3404 forenses
709 3354 791 3414 binas,
801 3354 954 3405 domesticas
962 3355 1085 3420 singulus,
1093 3355 1227 3405 balneares

209 3433 332 3498 singulas,
343 3451 417 3485 cocos
434 3435 558 3500 singulos,
579 3451 671 3486 aureos
686 3442 816 3495 centenos,
836 3442 861 3486 et
880 3435 901 3485 si
914 3451 1007 3486 uxores
1023 3452 1073 3486 non
1090 3436 1224 3496 haberent,

209 3515 324 3581 singulas
339 3515 521 3566 concubinas...
535 3535 549 3563 a

242 3597 253 3633 ²
271 3598 334 3648 God.
348 3600 431 3657 Just„
447 3600 467 3655 1,
480 3598 520 3648 tit.
531 3598 571 3652 27.
935 3634 937 3639 ,
1121 3626 1126 3635 ·

241 3680 253 3715 3
271 3678 412 3743 Hollweg.‚
428 3678 473 3738 ΙΙΙ,
484 3695 509 3744 p.
521 3679 561 3729 70.
581 3678 628 3728 Die
648 3678 881 3742 Besofdnngskasse
901 3681 946 3730 der
963 3681 1076 3733 Profecti
1094 3683 1224 3745 Pretorio,

210 3774 279 3811 arco
288 3761 478 3822 Praefectura
491 3760 693 3813 Praetorienoe.
914 3800 926 3825 .
1084 3756 1086 3760 ”

242 3839 346 3905 ⁴Vop.‚
377 3841 432 3892 Vit.
461 3844 577 3900 Aurea,
603 3841 678 3906 epist.
700 3840 829 3891 Valeriani
848 3843 961 3895 Caeionio
988 3845 1083 3897 Albino
1105 3842 1136 3902 P.
1160 3847 1222 3899 ν...

210 3940 224 3965 e
239 3920 347 3985 Reliqua
359 3937 405 3985 per
416 3921 557 3972 Praefectos
568 3921 652 3971 aerarii
663 3921 854 3986 praebebuntur.
867 3943 881 3970 a

241 4002 253 4038 ⁵
270 4003 412 4068 Hoilweg.‚
427 4006 470 4062 ΙΙΙ,
482 4020 507 4069 p.
524 4004 563 4054 70.
581 4023 596 4050 a
609 4004 655 4055 Die
674 4005 724 4055 den
738 4005 955 4056 Grundbesitzern
969 4008 1126 4074 auferiegten
1141 4007 1224 4060 Natu·

210 4082 409 4150 rallieserungen
424 4086 618 4150 (annona)ft1r
633 4085 719 4136 diesen
731 4085 898 4150 allgemeinen
913 4088 1006 4139 Zweck
1022 4105 1071 4139 ron
1091 4091 1140 4141 den
1157 4091 1224 4143 Prit-

212 4164 270 4215 fecti
284 4165 404 4217 Prittorio
414 4181 460 4216 aus
472 4167 529 4217 dem
543 4183 642 4232 ganzen
656 4167 737 4218 Reich
745 4168 867 4234 benogen.
880 4170 926 4220 Die
935 4169 1042 4221 lctztern
1053 4174 1162 4224 wurden
1172 4181 1224 4226 eret

210 4245 356 4298 theilweiee
364 4248 415 4298 und
423 4247 539 4314 alimalig
550 4249 641 4301 immer
649 4250 835 4311 mehr‚endlich
842 4250 977 4315 eifgemein
986 4253 1012 4303 in
1017 4253 1224 4321 Geldzahlungen

1036 4373 1052 4424 6
