3128 5078
366 604 371 619 ⁸
428 553 475 604 DE
497 553 699 605 EPISTOLl'S
722 554 772 603 Ab
794 552 997 604 AUGUSTOS
1186 550 1218 601 63

204 671 364 764 portatis,
404 696 467 766 pru
499 673 828 770 Quinquennalibus
864 683 926 745 aut
956 670 1220 745 Deceunalibus

207 795 371 868 'lertiove
384 795 611 892 Imperatoris
623 799 734 870 lustru
747 797 897 871 Senatus
906 795 1132 892 Pupulusque
1144 798 1222 868 Ru-

207 943 332 993 manus
354 920 512 1018 Principi
539 920 684 1017 gratias
698 921 826 1017 agebat
846 932 908 995 aut
936 931 1018 994 veta
1035 943 1222 1015 nuncupa·
1267 900 1271 909 ’

207 1044 297 1133 bat¹,
315 1047 393 1150 ipse
413 1045 607 1120 Praefectus
632 1048 721 1120 Urbi
751 1048 892 1121 numine
925 1046 1044 1120 devoti
1078 1045 1222 1118 Ordinis

208 1172 383 1266 totiusque
402 1172 526 1269 Populi
542 1174 693 1246 Romani
712 1174 894 1269 obsequia,
931 1194 1090 1260 munera,
1120 1170 1224 1242 obla·
1248 1223 1256 1234 x

209 1298 335 1385 tiones,
353 1322 432 1393 quae
452 1298 632 1394 publicum
654 1321 809 1370 amorem
828 1304 1056 1386 testarentur,
1078 1299 1123 1369 ad
1146 1296 1225 1370 Au-

209 1430 343 1515 gustos,
361 1423 512 1518 publicae
537 1424 659 1497 salutis
683 1422 899 1513 defensores,
922 1419 1223 1511 transmittebat23

210 1545 258 1618 ita
273 1555 311 1617 ut
331 1548 455 1618 merito
481 1571 520 1619 us
548 1548 698 1621 Senatus
718 1548 914 1644 Populique
928 1548 1043 1620 dictus
1069 1545 1177 1620 fuerit
1198 1545 1222 1617 ³.

212 1671 272 1742 Sic
280 1671 450 1771 Kalendis
462 1674 646 1745 lanuariis
658 1682 953 1770 strenaequarum
963 1697 1045 1745 usus
1055 1673 1229 1769 apudRo-

212 1820 331 1870 manos
360 1798 625 1894 antiquissimus
654 1807 738 1871 tunc
764 1798 978 1871 munusculis
1002 1821 1088 1871 auro
1116 1797 1227 1870 ductis

211 1924 391 1996 constabat
413 1923 439 2012 ⁴,
474 1949 536 2019 pru
566 1923 725 1998 felicibus
749 1925 833 1998 anni
870 1924 1038 2019 auspiciis
1065 1924 1228 2019 votisque

211 2050 447 2121 communibus
475 2050 662 2124 offerendae
692 2050 915 2148 Principibus
941 2049 987 2122 ad
1013 2047 1229 2123 Praefectum

212 2173 483 2248 deferebantur5
506 2177 566 2271 qui
591 2200 651 2249 eus
668 2185 787 2248 araret
806 2184 845 2246 ut
858 2175 943 2247 talia
970 2172 1086 2247 officia
1105 2175 1227 2248 libenti

214 2303 329 2376 animo
347 2301 565 2398 susciperent
587 2299 612 2371 ⁶.
720 2390 724 2395 Ι

261 2428 306 2499 At
320 2427 460 2522 gemine
479 2425 692 2519 fungebatur
712 2423 827 2497 efficio
846 2423 1063 2515 Praefectum
1080 2425 1225 2514 seilicet,

214 2551 501 2649 quemadmodum
516 2542 667 2624 Senatus
686 2552 887 2645 civiumque
901 2551 1067 2623 mandata
1086 2552 1131 2624 ad
1150 2552 1225 2625 Au-

213 2686 335 2773 gustus
369 2675 580 2776 perferebat,
610 2677 660 2748 ita
684 2675 843 2748 uicissim
875 2676 1026 2770 Augusti
1054 2674 1229 2750 Praefecto

214 2827 277 2876 suo
305 2804 439 2875 litteras
463 2803 675 2875 mandabant
702 2803 739 2872 in
757 2802 865 2874 Curia
889 2798 1112 2874 recitandas⁷
1130 2800 1231 2873 edic-

217 2938 296 3002 tave
327 2929 364 2999 in
398 2925 476 3000 furo
503 2928 588 3000 Divi
619 2927 774 3023 Trajani,
796 2927 872 2999 lecu
905 2926 1146 3014 celeberrimo,
1177 2927 1233 2998 le·

215 3054 331 3147 ganda
357 3051 394 3141 ⁸,
437 3062 476 3124 ut
513 3077 576 3150 per
618 3076 699 3125 eum
736 3052 908 3149 quidquid
927 3053 1074 3126 'coelesti
1109 3077 1231 3126 eurum

216 3178 350 3257 numini
375 3178 566 3273 placuisset
591 3179 714 3251 Romae
736 3179 1000 3251 renuntiaretur
1029 3204 1037 3247 :
1067 3179 1161 3251 unde
1177 3186 1228 3250 tut

248 3520 257 3555 ¹
276 3520 339 3570 Ced.
355 3521 465 3575 Theocl„
482 3516 526 3575 VI,
539 3517 578 3566 tit.
593 3517 617 3576 2,
633 3517 776 3567 Paratitlon
789 3518 889 3580 (aurum
901 3515 1087 3578 oblatitiumr..)

249 3599 260 3635 2
276 3600 359 3659 Cora„
374 3615 399 3663 p.
416 3612 481 3649 xnu.

249 3683 260 3718 3
276 3679 428 3740 Drackenb.,
444 3697 466 3729 c.
483 3693 509 3730 n.
527 3708 554 3716 -
571 3678 610 3728 Cf.
624 3678 714 3738 walt,
724 3683 744 3729 t.
755 3681 776 3738 I,
787 3695 812 3744 p.
829 3678 884 3728 552.

249 3763 261 3797 ⁴
277 3763 384 3824 symm„
399 3760 432 3820 X,
444 3776 484 3826 ep.
495 3760 536 3810 28.
550 3788 579 3796 -
594 3759 632 3810 cf.
653 3763 716 3811 Ood·
733 3760 843 3818 Theou„
859 3759 916 3818 Vll,
932 3760 971 3811 tit.
987 3760 1027 3821 24,
1040 3759 1058 3812 l.
1071 3762 1094 3821 l,
1108 3760 1145 3811 De
1157 3762 1230 3811 obla*

219 3844 286 3893 tiuue
297 3849 423 3894 votorum.
955 3842 958 3850 ’
1270 3833 1273 3839 ’

250 3919 262 3961 3
279 3918 353 3977 Ibid.

250 4005 262 4040 θ
279 4004 362 4063 Gors,
377 4022 403 4069 p.
421 4016 484 4053 xnn.

251 4087 262 4122 ⁷
278 4087 374 4146 Amm.‚
398 4086 416 4136 l.
433 4084 502 4143 XXI,
517 4099 540 4132 c.
556 4099 582 4132 x.
598 4103 610 4128 u
625 4083 686 4142 Qum
701 4075 813 4147 (litterae)
835 4091 892 4132 eutn
911 4074 1025 4132 Tertullo
1037 4082 1232 4135 administrante

219 4167 302 4217 adhuc
315 4166 492 4230 praefecturam
509 4165 677 4214 recitarentur
686 4164 712 4213 in
724 4163 822 4214 curia...
837 4182 851 4209 »
868 4193 898 4201 --
912 4163 950 4219 cf,
968 4164 1120 4223 Dmclmnb,
1134 4181 1156 4215 c.
1173 4180 1200 4215 v.

251 4247 263 4284 ⁸
281 4248 343 4299 Cod·
362 4249 472 4307 Theou„
485 4245 555 4303 XIV,
570 4246 609 4295 titt
623 4244 662 4304 10,
675 4244 692 4294 l.
708 4245 732 4297 2·
