3128 5078
541 1640 861 1722 EPILOGUS

247 2023 365 2097 Series
380 2020 633 2096 Praefectorum
650 2045 672 2094 a
686 2023 831 2095 Corsino
845 2023 1108 2096 accuratissime
1120 2045 1209 2095 con-

198 2157 292 2222 texta
319 2172 359 2221 ac
390 2146 527 2244 prolata
552 2172 662 2245 usque
687 2148 732 2220 ad
761 2171 891 2221 annum
920 2150 1214 2233 sexcentesimum

197 2277 275 2363 post
291 2264 467 2339 Christum
482 2275 602 2337 natum
620 2267 784 2361 pervenit
800 2292 809 2337 t
832 2289 899 2362 quo
914 2274 1070 2361 tempore
1085 2265 1207 2337 urbani

197 2390 279 2465 fasti
301 2415 345 2463 ex
377 2391 559 2462 hominum
588 2390 749 2462 manibus
784 2398 818 2463 et
851 2390 1020 2462 memoria
1044 2390 1208 2462 excidere

196 2519 401 2616 penitusque
418 2517 578 2611 ignorari
597 2526 779 2611 coeperunt
797 2515 822 2587 ¹.
843 2517 923 2588 Jarn
949 2518 1042 2588 intra
1066 2506 1207 2589 sextum

197 2645 360 2718 saeculum
391 2645 453 2714 vix
479 2641 668 2733 octodecim
690 2641 939 2716 praefectorum
966 2643 1111 2716 nomina
1145 2642 1205 2739 qui

196 2770 365 2867 temporis
377 2768 585 2842 edacitatem
603 2770 793 2867 evaserint,
813 2769 1087 2841 clarissimorum
1107 2769 1232 2840 viro-.
1339 2831 1341 2836 .

198 2921 276 2970 rum
290 2895 400 2969 studio
414 2894 577 2989 recolligi
592 2897 734 2992 suisque
748 2880 832 2969 locis
844 2895 980 2968 restitui
993 2902 1181 2990 potuerunt
1198 2891 1212 2936 ²

199 3025 291 3095 inter
313 3045 399 3118 quos
413 3020 589 3094 notandus
607 3029 660 3092 est
685 3030 826 3093 sanctus
845 3020 1042 3114 Gregorius
1052 3022 1207 3114 Magnus

199 3150 294 3243 Papa
307 3171 412 3243 quem
425 3144 536 3219 nobili
557 3145 632 3217 loco
650 3154 776 3234 ortum,
797 3146 980 3241 perspicuo
1001 3145 1115 3241 ipsius
1133 3153 1209 3219 tes-

198 3244 389 3362 timonio'3,
421 3268 641 3343 Praefectura
655 3271 789 3343 urbana
804 3324 813 3359 ‚
831 3292 922 3341 anno
943 3269 1030 3362 572,
1052 3266 1209 3341 functum

198 3422 276 3472 esse
295 3399 487 3485 erudimur,
508 3410 699 3493 antequam
720 3396 945 3468 monasticam
965 3396 1074 3466 vitam
1092 3395 1210 3467 susci-

195 3524 523 3622 peretetRomanus
538 3519 702 3595 Pontifex
722 3520 952 3615 eligeretur4.
974 3521 1078 3593 Haud
1091 3528 1209 3593 tamen

199 3662 280 3723 tunc
298 3649 478 3744 temporis,
499 3671 606 3742 quum
625 3647 727 3720 Italia
740 3647 937 3718 miserrime
946 3646 1105 3721 barbaris
1116 3668 1210 3735 gen-

136 3974 139 3982 ¹
228 3955 238 3990 1
254 3946 338 4014 Cous,
354 3972 378 4020 p.
394 3971 428 4006 ιι.

229 4036 240 4071 2
258 4036 333 4095 thid,
346 4040 439 4088 Series
450 4039 660 4102 caronotoyica,
675 4053 699 4101 p.
714 4038 768 4086 403.

230 4116 242 4152 ³
257 4120 357 4169 Sancti
373 4120 505 4180 Greqorti
521 4120 666 4181 Epictetum
687 4119 731 4168 lib.
748 4119 791 4178 111,
808 4133 848 4182 ep.
869 4117 893 4169 2.
916 4136 930 4161 ι
994 4116 1063 4164 Inter
1082 4128 1146 4178 quus
1167 4125 1215 4173 ego

196 4213 295 4266 quoque
305 4205 365 4249 tunc
378 4198 502 4247 urbanam
513 4198 692 4248 Praetecturam
707 4211 797 4259 gerens
812 4199 907 4263 pariter
921 4195 1069 4261 subscripsi.
1088 4216 1101 4241 »

228 4281 239 4317 ⁴
256 4280 338 4341 Cous,
350 4296 374 4345 p.
388 4279 504 4331 374-375.
