3128 5078
501 551 551 600 DE
573 549 955 601 ADMlNISTRATIONE
1205 545 1237 598 49

225 672 361 745 AEdiles
382 671 633 760 curabant,ad
659 672 773 767 ipsum
799 672 1002 767 spectabat3
1025 694 1133 766 quare
1160 668 1240 740 fru-

225 799 334 870 menti
364 806 423 871 aut
462 796 535 867 vini
578 797 816 893 comparandi,
856 798 894 868 in
930 797 1067 868 horreis
1093 790 1240 891 publicis

225 922 390 996 servandi
422 932 524 1017 atque
552 922 687 994 civibus
705 924 828 995 Rornae
847 922 1052 1016 degentibus
1074 920 1243 1014 erogandi
1345 996 1348 1003 ,

227 1073 355 1121 munus
369 1050 435 1144 ipsi
455 1049 745 1138 committebatur,
757 1072 801 1121 ne
819 1048 914 1120 Urbs
926 1070 1080 1143 unquam
1094 1067 1243 1118 annonae

228 1175 370 1266 caritate
387 1184 620 1270 premeretur,
637 1175 786 1270 indeque
800 1175 938 1270 jurgia,
962 1175 1128 1270 querelae,
1149 1173 1246 1247 sedi-

154 1283 160 1300 '
229 1301 340 1373 tiones
360 1301 398 1371 iu
425 1301 528 1396 plebe
554 1301 664 1375 otiosa
691 1307 725 1374 et
754 1303 909 1397 inquieta
933 1303 1119 1389 orirentur,
1155 1299 1247 1396 quod

208 1466 211 1472 ·
231 1426 369 1499 assidue
395 1428 519 1499 Romae
539 1429 727 1520 contigisse
746 1428 932 1523 accipimus
950 1426 974 1496 ¹.
997 1429 1085 1499 Haec
1112 1450 1247 1499 summa

233 1549 299 1623 fuit
318 1550 571 1625 Praefectorum
591 1575 676 1624 cura
699 1575 739 1624 ac
759 1551 952 1625 sollicitudo
975 1578 982 1623 :
1014 1553 1139 1647 quippe
1169 1552 1250 1624 lau-

166 1702 170 1707 ·
236 1678 384 1750 dabatur
415 1675 610 1750 Praefectus
640 1679 741 1772 cujus
773 1675 991 1749 Praefectura
1021 1676 1248 1749 seditionibus

234 1812 411 1895 caruerat,
437 1803 466 1874 si
486 1804 611 1875 Romae
629 1804 785 1874 omnium
804 1826 923 1874 rerum
951 1803 1046 1898 copia
1073 1803 1246 1892 fluxisset,

233 1929 387 2024 vitioque
416 1937 539 2000 contra
572 1928 604 1999 ei
638 1927 843 1999 vertebatur
871 1929 898 1998 si
931 1936 1074 2023 propter
1097 1929 1249 2024 inopiam

231 2055 329 2151 panis
356 2065 415 2127 aut
434 2054 508 2125 vini
527 2053 639 2126 turbae
655 2055 907 2144 excitarentur,
929 2077 1076 2150 quarum
1095 2054 1249 2150 pericula

232 2178 403 2251 Praefecto
434 2179 642 2275 plerumque
675 2180 926 2268 imminebant,
959 2159 1121 2276 quoniam
1153 2180 1249 2275 plebs

231 2305 393 2378 credebat
408 2305 438 2398 ej
444 2328 486 2377 us
496 2307 646 2378 avaritia
661 2303 875 2378 frumentum
889 2302 1098 2400 flagellari2.
1112 2306 1246 2401 Itaque,

231 2406 261 2502 si
278 2429 401 2502 classis
420 2427 586 2502 Africana
607 2430 744 2503 casibus
760 2433 866 2503 maris
879 2431 1116 2527 asperioribus
1134 2430 1250 2526 impe-

232 2556 367 2627 diretur
395 2578 462 2650 quo
485 2555 602 2627 minus
621 2564 775 2650 tempore
798 2579 953 2649 congruo
979 2555 1150 2628 alimenta·
1160 2554 1247 2626 Urbi

165 2668 198 2729 '-
230 2681 428 2753 necessaria
462 2680 620 2768 veheret,
654 2690 862 2776 portumque
894 2681 1041 2774 Augusti
1068 2681 1243 2767 introiret,

230 2804 423 2879 Praefectus
451 2805 538 2877 Urbi
550 2859 559 2894 ,
589 2806 776 2878 comitante
804 2807 898 2877 omni
924 2805 1065 2901 populo,
1088 2808 1169 2902 ,ipse
1201 2806 1247 2878 ad

231 2932 326 3006 Ostia
361 2932 529 3003 Tiberina
561 2931 744 3027 pergebat,
767 2931 881 3027 ibique
901 2933 938 3002 in
961 2933 1037 3004 aede
1062 2933 1245 3005 Castorum

230 3055 447 3129 sacrificabat
470 3064 507 3127 ut
524 3057 580 3129 Dii
600 3079 621 3128 a
649 3056 776 3151 populo
800 3058 956 3129 Romano
973 3058 1064 3129 iram
1084 3066 1245 3130 avertere

231 3182 381 3271 vellent,
425 3189 628 3277 mutatoque
655 3181 692 3251 in
724 3190 884 3253 austrum
916 3181 1091 3277 placidum
1126 3168 1243 3267 vente,

233 3308 465 3381 velificatione
487 3305 590 3401 plena
608 3315 744 3402 portum
758 3330 868 3380 naves
888 3315 1061 3403 exoptatae
1074 3306 1245 3400 ingrede-

227 3413 352 3506 rentur
374 3433 399 3503 ³.

280 3560 511 3644 Quamobrem
521 3559 629 3630 Urbis
644 3557 816 3631 Praefecto
825 3559 993 3655 peculiari
1003 3561 1151 3655 quodam
1160 3559 1244 3653 jure

234 3708 435 3759 concessum
445 3683 511 3756 fuit
520 3694 557 3755 ut
572 3684 645 3780 ipse
654 3684 813 3758 custodes
823 3708 864 3756 ac
874 3709 1052 3758 mensores
1061 3685 1241 3779 eligerer,

262 3977 269 4011 ¹
289 3980 384 4037 Amm.‚
401 3977 417 4027 l.
432 3975 524 4035 XXVI,
535 3990 556 4025 c⁴
574 3990 613 4024 ιιι.

261 4059 272 4094 ²
288 4058 441 4118 lirackenb„
453 4072 476 4108 c.
491 4071 540 4109 vu,

187 4201 188 4207 ,
268 4141 279 4177 ³
295 4143 391 4200 Arum,
404 4140 421 4189 l.
437 4138 541 4199 XXVII,
555 4153 577 4187 o.
594 4151 639 4198 1113
655 4136 672 4186 l.
683 4137 752 4197 XIX,
765 4152 788 4187 c.
802 4153 828 4186 x.

268 4224 278 4257 l
298 4224 360 4275 Cod.
379 4224 489 4281 Theod„
504 4219 572 4280 XIV,
582 4219 621 4269 tit.
636 4217 676 4282 23,
692 4219 845 4269 Portueuses
859 4232 997 4272 mensores.

1098 4334 1113 4380 li
