3128 5078
318 516 349 567 72
555 513 603 562 DE
626 507 907 561 PRAEFEC'I'URA
930 504 1098 555 URBANA

253 609 256 613 .
319 634 417 706 ribus
437 635 576 705 laxaret
594 655 635 704 ac
656 639 868 727 repurgaret
890 628 1095 724 cloacasque
1111 628 1148 698 in
1172 624 1333 698 Tiberim
1439 673 1442 679 ‚

318 783 361 833 ex
380 758 540 831 omnibus
560 758 712 830 civitatis
736 757 895 853 partibus
917 778 980 850 per
999 763 1134 826 meatus
1149 751 1335 824 subterra-

316 909 401 958 neos
415 885 538 956 ductas
552 882 750 970 mundaret,
768 881 888 976 sicque
908 879 1154 952 inundationes
1164 877 1334 951 effusione

316 1032 487 1107 aquarum
505 1009 615 1079 nimia
633 1006 719 1078 oriri
739 1007 870 1097 solitas,
892 1014 1070 1078 coerceret
1084 1003 1109 1076 ¹.
1138 1003 1211 1077 Sub
1229 1002 1332 1096 cujus

315 1133 622 1208 administratione
642 1141 676 1205 et
691 1131 934 1225 jurisdictione
954 1139 1055 1203 erant
1072 1139 1199 1204 aaatae
1223 1126 1334 1200 Tibe-

316 1260 407 1349 rini,
430 1281 557 1353 corpus
576 1257 614 1329 in
628 1256 915 1352 inscriptionibus
933 1279 974 1329 ac
991 1257 1129 1350 legibus
1154 1255 1333 1350 Augusto-

316 1409 394 1458 rum
409 1393 642 1457 memoratum
653 1379 679 1453 ².

363 1510 457 1583 Huic
470 1509 699 1603 subjungitur
711 1507 837 1580 Comes
845 1506 1017 1596 Pertusa,
1027 1507 1087 1604 qui
1100 1508 1206 1582 Ostiis
1216 1508 1333 1581 sedem

316 1634 478 1724 habebat,
492 1634 611 1707 navali
626 1633 671 1706 ad
682 1633 790 1704 Urbis
809 1654 983 1706 annonam
993 1633 1182 1724 destinato,
1200 1627 1335 1705 merca-

316 1760 518 1855 toribusque
542 1767 683 1855 portum
697 1758 878 1854 aperiebat
908 1767 969 1830 aut
987 1756 1191 1847 claudebat,
1221 1759 1335 1832 vecti-

241 1895 246 1905 ’
317 1884 414 1979 galia
428 1894 462 1955 et
480 1885 637 1979 portoria
651 1907 714 1978 pro
727 1884 900 1957 mercibus
914 1883 1084 1957 solvenda
1094 1866 1286 1979 accipiebat
1301 1894 1335 1956 et

318 2031 446 2080 cavere
465 2007 614 2080 debebat
632 2030 677 2079 ne
697 2008 828 2102 species
861 2008 1021 2103 quaedam
1044 2009 1082 2079 in
1112 2032 1196 2080 usus
1223 2008 1334 2103 ipsius

317 2134 427 2205 Italiae
451 2139 645 2205 reservatae
672 2132 717 2204 ad
743 2141 884 2206 exteros
910 2135 1232 2207 transmitterentur
1247 2133 1272 2204 4.
1294 2135 1335 2205 In

318 2258 397 2350 ejus
423 2255 537 2330 officio
565 2257 786 2329 Tabalariao
815 2258 875 2330 vel
896 2258 1103 2329 Rationalis
1119 2258 1335 2330 Porttteast's

319 2405 399 2452 cum
411 2382 609 2476 fabrorum
627 2381 844 2453 Ostiensiam
858 2382 1006 2475 cdllegio
1023 2380 1133 2456 luisse
1152 2383 1293 2454 videtur
1306 2381 1331 2451 ⁵.

366 2506 691 2602 Mapisterqnoque
700 2505 1092 2592 Oeosmsutpraefecti
1103 2508 1333 2603 dispositione

318 2632 467 2727 posituS,
489 2630 630 2726 singula
649 2631 740 2703 bona
759 2632 890 2704 civium
914 2633 1146 2722 describebat,
1169 2633 1335 2727 peregri-

318 2781 382 2829 nos
397 2780 517 2830 omnes
526 2756 858 2851 Urbemingressos‚
872 2780 992 2829 eorum
1004 2759 1158 2847 nomina,
1168 2759 1332 2853 patriam,

318 2884 564 2970 conditionem,
585 2882 739 2978 hospitia
752 2891 786 2954 et
802 2904 944 2954 causam
966 2885 1079 2978 ipsam
1094 2908 1163 2980 qua
1186 2887 1336 2960 Romam

319 3005 541 3102 appulerant,
564 3006 770 3101 explorabat
788 3003 801 3043 ⁶
808 3030 817 3096 3
840 3006 933 3101 apud
946 3031 1159 3081 eumomnes
1179 3011 1337 3082 donatio-

319 3155 382 3205 nes
401 3132 605 3227 ultimaeque
633 3131 829 3203 voluntates
864 3132 998 3228 aliaque
1021 3133 1191 3227 ejusmodi
1226 3134 1337 3205 docu-

321 3269 437 3331 menta
455 3258 632 3331 servanda
654 3279 695 3329 ac
718 3256 926 3350 publicanda
945 3256 1237 3349 insinuabantur3
1258 3259 1336 3352 ejus

349 3538 359 3572 ¹
375 3534 466 3594 Raab,
482 3537 513 3593 ΙΙ,
528 3551 552 3598 p.
569 3536 615 3585 188
635 3540 661 3584 et
684 3549 754 3598 seqq.
767 3562 796 3570 —
806 3534 902 3596 Amm.‚
916 3534 933 3584 l.
948 3535 1043 3594 XXIX,
1056 3550 1078 3585 c.
1092 3551 1129 3586 vr.
1141 3555 1155 3583 a
1167 3537 1268 3587 Tiberis
1282 3544 1336 3603 qui,

325 3613 409 3664 media
421 3613 580 3663 intersecans
591 3613 694 3673 moenia,
710 3612 803 3663 cloacis
822 3619 848 3663 et
860 3610 942 3664 fluviis
958 3614 1144 3665 abundantibus
1165 3616 1252 3667 multIs
1267 3618 1337 3682 Tyr-

322 3695 402 3743 rheno
414 3694 477 3743 mari
492 3694 622 3754 miscetur,
631 3694 753 3744 effusione
761 3692 879 3742 imbrium
888 3694 1029 3753 exuberans
1041 3694 1119 3744 nimia
1133 3700 1159 3745 et
1170 3711 1246 3761 supra
1254 3700 1336 3748 amuis

317 3772 427 3836 speciem
440 3786 537 3835 pausus
549 3775 634 3822 omnia
648 3789 720 3837 paene
734 3773 856 3823 contexit.
871 3793 884 3820 a

347 3854 359 3888 2
375 3851 561 3907 Orell-Henz..
573 3856 692 3915 passim.
707 3879 735 3888 -
748 3855 811 3904 Coti.
826 3855 935 3912 Theod„
947 3854 1014 3912 XIV,
1030 3854 1069 3903 tit.
1085 3853 1122 3904 13.

347 3933 358 3968 3
375 3932 546 3996 Book.,11,p.
562 3932 600 3981 16.

346 4015 358 4050 ⁴
376 4014 461 4072 Cass„
475 4013 552 4073 Var„
566 4013 622 4072 VII,
638 4013 661 4061 9.

346 4095 357 4130 ⁵
374 4093 562 4150 Orell-Henn,
575 4097 601 4141 u⁰
616 4090 687 4147 1300,
706 4089 814 4138 1103246.

236 4204 239 4207 ψ
345 4174 356 4207 ⁶
373 4173 457 4233 Cora,
472 4189 497 4238 p.
511 4187 584 4223 xnus.
602 4200 630 4207 -
647 4173 711 4221 Cod.
727 4170 839 4228 Theca„
855 4170 922 4228 XIV,
936 4171 976 4219 tit.
987 4170 1012 4226 9,
1025 4170 1042 4219 l.
1059 4172 1080 4219 l.
