3128 5078
392 514 394 518 ’
498 532 952 587 ouannnursrunrroua
1202 533 1240 595 ιιΙ
1283 566 1287 571 .
1336 608 1340 617 ι

183 693 186 697 -
219 629 240 726 i<
268 664 367 729 catur
392 653 417 726 ¹.
442 682 460 727 a
486 655 674 728 Senatores
700 655 821 727 itidem
844 652 1096 746 adolescentes,
1126 655 1231 727 venia

219 784 334 856 aetatis
350 784 551 879 impetrata,
564 781 610 854 ad
625 780 776 853 officium
791 778 955 854 Praefecti
966 779 1085 868 Urbis,
1101 779 1145 878 de
1158 781 1238 852 suis.

218 911 373 984 moribus
406 916 439 981 et
457 907 640 981 honestate
658 907 848 1003 perdocere
862 906 1089 1000 jubebantur,
1115 905 1233 1001 prius·

219 1059 322 1134 quam
336 1037 372 1109 in
389 1035 506 1107 album
521 1034 734 1106 senatorium
747 1032 1063 1105 transcriberentur
1078 1027 1104 1103 ².
1172 1084 1176 1094 .

174 1167 177 1177 '
266 1163 366 1249 Quod
388 1161 432 1233 ad
451 1160 662 1255 religionem
676 1159 917 1240 ‚christianam
942 1159 1076 1246 attinet,
1099 1160 1135 1229 in
1161 1155 1233 1229 eli-

218 1288 332 1381 gendo
351 1288 521 1383 Episcopo
540 1287 699 1360 Romano
714 1294 749 1358 et
768 1285 965 1381 privilegiis
977 1282 1006 1379 ej
1013 1285 1134 1357 usdem
1152 1308 1233 1357 ser-

218 1413 342 1484 vandis
364 1421 500 1508 partem
529 1410 714 1507 quamdam
731 1410 881 1483 habebat
905 1408 1101 1483 Praefectus
1116 1410 1227 1499 Urbi3

218 1561 312 1626 nam,
335 1561 440 1634 quum
460 1536 693 1609 discordantis
706 1536 820 1633 populi
836 1535 1022 1608 seditiones
1039 1536 1110 1608 tale
1123 1559 1233 1630 nego-

218 1665 303 1736 tium
327 1687 421 1759 saepe
440 1664 620 1752 excitaret,
649 1639 857 1752 Praefectus,
887 1663 1087 1734 convocatis
1110 1663 1233 1755 regio-

217 1814 301 1861 num
328 1789 542 1863 Primatibus
570 1814 610 1863 ac
636 1790 760 1887 populo
789 1789 1008 1876 commonito,
1041 1786 1232 1883 disciplinae

217 1915 364 2012 publicae
404 1916 578 2013 quietique
614 1905 846 2014 prospiciebat
881 1922 920 1986 ut
948 1913 1080 2010 placide
1116 1916 1232 1986 omnia

218 2041 403 2115 finirentur
418 2064 483 2115 nec
501 2041 690 2139 quidquam
705 2050 827 2114 contra
842 2063 953 2113 sacrae
967 2039 1057 2133 legis
1071 2040 1232 2111 ordinem

217 2180 276 2242 aut
290 2177 412 2242 contra
429 2168 689 2242 consuetudinis
707 2170 880 2242 rationem
903 2167 1003 2241 fieret
1015 2165 1042 2256 ³,
1063 2165 1234 2260 legitimi-

218 2320 284 2392 que
302 2296 465 2392 Episcopi
483 2296 684 2389 ingressum
702 2298 738 2368 in
755 2296 888 2368 Urbem
906 2318 946 2367 ac
963 2295 1233 2366 Lateranensem

216 2419 406 2506 basilicam,
428 2419 603 2514 dispositis
625 2418 884 2514 apparitoribus
904 2412 963 2514 qui
981 2442 1059 2491 eum
1076 2417 1120 2490 ab
1137 2418 1231 2489 omni

216 2543 372 2640 periculo
387 2541 630 2632 defenderent,
657 2544 803 2639 parabat
820 2543 846 2615 ⁴.

264 2667 357 2739 illud
384 2691 520 2763 quoque
553 2665 724 2741 Praefecto
747 2669 808 2763 jus
836 2665 1052 2763 competebat
1074 2675 1113 2737 ut
1139 2668 1228 2762 ipse,

218 2793 377 2889 quotiens
400 2815 419 2864 e
445 2815 484 2863 re
510 2790 650 2887 publica
667 2815 743 2864 esse
757 2791 948 2886 judicaret,
973 2813 1077 2861 cursu
1095 2787 1230 2884 publico

217 2926 386 3009 uteretur,
408 2918 557 3015 aliisque
576 2919 681 2991 etiam
701 2942 742 2990 co
762 2919 881 2990 utendi
907 2916 1085 2988 licentiam
1112 2914 1225 3005 daret,

216 3040 281 3112 hoc
293 3050 358 3134 est,
375 3051 413 3114 ut
435 3044 509 3138 ipse
528 3044 721 3116 coactiones
749 3041 853 3115 simili
872 3038 1037 3113 Praefecti
1057 3043 1229 3117 Praetorio

246 3315 256 3350 1
273 3315 336 3365 Cod.
356 3316 466 3374 Tbcod,
479 3313 548 3372 XIV,
562 3314 600 3364 tit.
615 3314 637 3363 9.
657 3313 694 3362 De
709 3313 798 3363 studiis
813 3313 961 3365 liberalibus
970 3315 1049 3364 Urbis
1060 3316 1159 3375 Romae,
1175 3312 1192 3364 l·.
1206 3312 1228 3365 1.

247 3396 258 3432 2
274 3397 358 3455 Ibid„
374 3396 406 3455 11,
421 3394 460 3443 tit.
477 3394 516 3452 17,
528 3396 564 3444 De
579 3395 652 3443 venia
666 3395 758 3455 aetatis,
774 3394 815 3443 lex
828 3395 910 3445 unica.

247 3474 370 3533 ³Amm.,
385 3475 403 3524 1.
414 3475 519 3535 XXVII,
538 3465 566 3524 cs
577 3490 613 3524 ιιι.
629 3493 643 3520 a
664 3475 737 3524 Hunc
758 3489 857 3538 quoque
878 3474 1038 3538 (Iuventium)
1060 3472 1231 3523 discordantis

216 3554 299 3619 populi
311 3554 447 3605 seditiones
460 3560 573 3604 terruere
585 3557 706 3613 cruentae,
719 3570 776 3618 quae
789 3554 840 3603 tale
861 3555 991 3620 negotium
1009 3555 1157 3604 excitavere.
1178 3554 1230 3602 Da-

216 3649 302 3684 masus
313 3641 338 3684 et
346 3635 455 3685 Ursinus
478 3650 556 3700 supra
570 3636 708 3685 humanum
729 3636 833 3686 modum
852 3636 883 3686 ad
910 3636 1057 3700 rapiendam
1071 3637 1231 3700 episcopatus

216 3717 300 3766 sedem
311 3717 439 3776 ardentes,
450 3717 537 3767 scissis
551 3717 641 3767 studiis
656 3719 794 3781 asperrime
807 3719 1025 3776 conflictabantur,
1038 3719 1150 3783 adusque
1159 3733 1230 3767 mor·

215 3796 248 3845 tis
262 3797 443 3862 vulnerumque
466 3799 613 3849 discrimina
627 3798 778 3863 adjumentis
794 3800 925 3863 utriusque
951 3798 1105 3864 progressis.
1221 3832 1229 3848 .

216 3877 250 3925 Et
257 3876 282 3924 in
291 3880 477 3928 concertatione
485 3885 649 3943 superaverat
656 3879 790 3939 Damasus,
799 3885 881 3943 parte,
892 3881 979 3944 quaesi
989 3880 1099 3940 fauebat,
1110 3880 1227 3929 instante.
1306 3902 1309 3905 *

214 3955 370 4023 Constatque
384 3960 410 4009 in
421 3959 527 4010 basilica
544 3960 660 4019 Sicinini,
678 3961 721 4010 ubi
735 3961 799 4010 ritus
813 3959 951 4012 Christiani
964 3966 1004 4012 est
1017 3960 1229 4027 conventiculum,

214 4054 265 4088 uno
280 4039 320 4088 die
334 4045 436 4091 centum
450 4042 556 4106 triginta
565 4038 662 4107 septem
671 4046 771 4105 reperta
781 4041 905 4092 cadauera
917 4047 1104 4107 peremptorum
1121 4040 1230 4090 :effera-

214 4123 316 4183 tamque
328 4120 370 4169 diu
379 4120 478 4185 plebem
493 4136 564 4185 aegre
578 4125 666 4186 postea
677 4121 820 4170 delenitam.
834 4140 847 4166 »
1216 4184 1218 4190 ,

248 4199 260 4237 ⁴
276 4200 382 4262 Symm,
394 4203 445 4264 Ep.
463 4204 666 4262 Aestuarium,
680 4202 718 4262 19,
734 4200 773 4261 31,
789 4201 831 4261 (Χ,
846 4216 885 4264 ep.
897 4199 980 4259 71-83,
991 4199 1051 4252 edit,
1062 4199 1182 4260 Parcit*
