3128 5078
333 536 363 608 si
551 556 616 607 aa
636 554 923 608 aamaacruau
946 556 1115 611 caesus

333 685 456 751 rentur
474 675 498 748 ¹.
535 678 624 750 Item
652 677 756 750 tertio
779 677 907 749 saeculo
935 677 1134 772 magnificae
1149 679 1244 752 aedes
1267 679 1347 776 pri-

333 814 425 878 vatae
450 804 488 885 in
520 828 614 879 nona
640 805 787 899 regione
819 827 882 877 seu
901 807 992 877 circo
1017 805 1202 897 Flaminio,
1240 827 1348 902 propa

330 955 453 1005 arcum
466 929 974 1027 triumphalemlmperatorum
987 931 1158 1021 Gratiani,
1178 930 1347 1003 Theodo-

331 1060 373 1132 sii
383 1058 686 1154 Valent-imamque
704 1067 875 1131 extructae
884 1056 1036 1140 fuerant,
1055 1057 1224 1154 templum
1243 1059 1348 1129 Prac-

329 1184 413 1259 fecti
427 1184 623 1257 Chromatii
655 1184 758 1257 dictae
776 1182 790 1224 ²
811 1207 938 1280 :quem
959 1184 1194 1257 Chromatium
1209 1184 1347 1269 mactis

329 1308 442 1382 sancti
459 1307 656 1381 Sebastiam
674 1309 841 1404 martyris
860 1314 895 1381 et
913 1306 1052 1379 Gorsini
1065 1306 1157 1380 serio
1176 1305 1189 1346 ³
1208 1329 1346 1378 memo-

331 1444 458 1524 ratum,
480 1457 572 1507 anno
590 1434 665 1507 284
682 1442 760 1528 post
779 1431 956 1505 Christum
972 1439 1105 1520 natum,
1122 1430 1187 1504 sub
1205 1430 1347 1502 Diocle-

286 1550 291 1562 ’
330 1562 414 1634 tiani
427 1570 597 1656 tempora,
615 1555 826 1631 Praefectum
839 1556 926 1630 Urbi
944 1555 1108 1630 fuisseex
1120 1553 1345 1628 Praefecturae

330 1684 433 1760 fastis
457 1685 702 1782 comperimus.
1333 1660 1338 1667 ’

328 1809 330 1813 ’
377 1814 535 1909 Denique
560 1810 898 1885 Joannislaurentii
916 1810 1005 1906 Lydi
1023 1809 1221 1882 testimonio
1245 1808 1346 1904 plane

332 1948 437 2034 atque
470 1944 591 2033 aperte
627 1935 803 2007 erudimur
832 1931 1024 2008 Praefectos
1050 1933 1181 2006 nullam
1214 1941 1346 2006 certam

330 2064 450 2137 sedem
476 2060 656 2152 habuisse,
682 2083 797 2156 neque
816 2061 854 2132 in
877 2059 1051 2157 praetoriis
1074 2059 1163 2132 sicut
1176 2060 1346 2132 Rectores

329 2189 599 2287 provinciarum,
618 2186 681 2261 sed
709 2188 747 2258 in
765 2188 915 2282 propriis
928 2186 1086 2259 domibus
1102 2185 1346 2280 magistratum

328 2311 509 2409 gessisse‘*
532 2312 644 2385 donec
664 2312 860 2408 posteriore
895 2320 1049 2408 tempore
1085 2309 1232 2384 aedificia
1267 2310 1348 2383 huic

329 2440 408 2512 usui
422 2437 645 2512 accomodata
666 2446 842 2511 exstructa
857 2434 1020 2510 fuissent.

360 2679 370 2715 ¹
387 2679 484 2742 Amm.‚
504 2679 610 2738 XXVII,
626 2679 650 2730 3.
668 2698 681 2725 a
704 2677 766 2739 Quae
787 2694 834 2729 uec
852 2661 982 2744 corrigere
1003 2677 1132 2729 sufficiens
1147 2678 1279 2729 Juventius
1300 2691 1346 2727 nec

329 2759 438 2820 mollire,
454 2766 557 2810 coactus
569 2759 594 2809 vi
610 2775 704 2825 magna
720 2760 825 2809 secessit
839 2760 864 2808 in
877 2758 1060 2812 suburbanum,
1082 2778 1096 2805 s

359 2839 546 2900 ²Beschreib„
570 2841 613 2903 111,
625 2840 649 2899 3,
671 2857 696 2905 p.
717 2841 756 2890 84.
775 2859 790 2886 «
806 2839 895 2890 Dioser
913 2839 1018 2890 [statere
1035 2840 1091 2901 (der
1109 2839 1199 2890 Pulast
1217 2840 1262 2890 der
1284 2837 1347 2888 Cro-

328 2918 430 2980 matius)
453 2920 498 2969 dar
519 2920 623 2985 Tempel
639 2920 683 2969 des
702 2919 839 2969 Prdsecten
859 2920 968 2970 welcher
985 2919 1054 2969 hieas
1077 2920 1259 2979 olovitreum,
1282 2933 1346 2982 ganz

330 3000 448 3065 gemacht
468 3014 514 3050 aus
536 3000 653 3064 Krystall
674 3001 726 3050 und
746 3001 813 3051 Gold
836 3001 915 3052 durch
934 3001 1109 3055 Zuuberkunst
1111 3037 1159 3052 .....
1176 3001 1209 3050 Et
1229 3015 1286 3050 war
1306 3000 1346 3050 cin

329 3080 503 3145 Privatpalast
524 3079 632 3142 (domus)
652 3080 699 3131 mit
719 3080 789 3130 einer
812 3082 932 3141 Piscina,
952 3082 1033 3132 durch
1052 3081 1216 3132 kunstreiche
1236 3081 1345 3139 Mosau,

330 3160 397 3210 denn
409 3160 478 3210 diess
488 3160 569 3210 hiesst
579 3161 613 3209 im
623 3159 772 3211 Mittelalter
785 3162 958 3213 olovitreum
968 3161 1170 3228 ausgezeichnet.
1192 3182 1206 3208 »

361 3242 373 3278 ³
390 3240 462 3301 Cors,
480 3258 504 3307 p.
518 3241 631 3292 154-155.

362 3325 374 3360 ⁴
390 3323 463 3385 Lyd,
479 3325 515 3373 De
531 3323 761 3387 Macistratibcm,
777 3322 794 3372 1.
811 3323 841 3373 ΙΙ.
858 3338 881 3373 0.
895 3320 986 3390 xx‚'p.
1003 3324 1056 3375 185.
1073 3326 1127 3376 Οὐκ
1144 3325 1173 3387 ἦν
1190 3327 1216 3377 δὲ
1231 3324 1347 3389 καταγώ-

330 3421 383 3468 γιον
396 3400 533 3470 ὡρισμένον
551 3405 667 3455 avenaceo
685 3405 890 3469 οὐδεμιᾷτοέτων
907 3411 956 3453 τῶν
973 3406 1055 3472 ἀρχῶν
1068 3407 1113 3457 οὐκ
1126 3408 1166 3458 ἐπὶ
1181 3414 1224 3468 τῆς
1237 3407 1347 3473 πρώτης,

331 3483 377 3534 οὐκ
391 3484 433 3533 ἐπὶ
443 3489 485 3543 τῆς
497 3485 614 3548 καθ’ἠμᾶς
629 3481 752 3545 βασιλίδος
769 3479 801 3539 ὡς
813 3484 853 3534 ἐπὶ
867 3489 911 3533 τοῦ
923 3485 1056 3551 παρόντος,
1072 3487 1164 3537 omum
1181 3491 1231 3536 τῶν
1248 3485 1346 3535 οἰκείων

333 3563 410 3629 ἐδρῶν
428 3564 441 3611 ὁ
458 3564 502 3622 τὴν
520 3563 598 3628 ἀρχὴν
613 3563 678 3612 ἔπων
696 3562 809 3628 ἔπραττε·
825 3564 867 3613 καὶ
881 3569 955 3614 τοῦτο
972 3565 1030 3630 ἄχρι
1046 3571 1090 3615 τοῦ
1105 3567 1157 3615 καθ’
1170 3569 1233 3630 ἡμᾶς
1242 3566 1347 3623 Λέοντος

334 3642 401 3706 ἐφόὗ
419 3645 606 3701 Κωνσταντῖνος
623 3644 667 3702 τὴν
682 3642 792 3713 ὕπαρχον
811 3644 873 3707 ἔχων
887 3646 991 3708 τιμὴν...
1005 3647 1097 3712 ἀγορὰν
1113 3647 1228 3711 ἐδείματο
1245 3648 1346 3714 διαπρε-

331 3738 488 3781 πεστατην...
